2858 5054
684 350 744 414 186

136 515 317 584 thesaurum
349 520 501 605 largitum
531 542 597 585 esse
619 520 720 585 Deum
744 519 885 605 pontifici
909 523 976 585 tam
998 519 1167 603 profenem
1190 542 1286 604 quam

135 622 376 689 ecclesiasticum
399 631 605 708 potestatem,
637 629 692 691 ubi
719 629 862 712 loquitur
883 628 923 692 ad
946 627 1078 692 Petrum
1100 627 1140 691 de
1163 629 1285 693 duobus

136 727 259 811 gladiis.
291 728 380 794 Tunc
396 735 427 794 et
442 732 522 795 illud
544 733 701 798 sancitum
724 733 785 797 fuit
808 736 903 815 atque
926 732 1085 797 memoriae
1106 733 1281 814 proditum,

135 832 316 917 pontificem
340 857 407 900 esse
429 857 493 900 nou
517 837 642 921 imperii
665 842 801 916 tantum,
824 839 879 901 sed
901 841 934 901 et
956 837 1055 902 totius
1077 836 1166 902 orbis
1182 837 1283 902 domi·

134 932 221 1014 num,
245 942 277 1002 et
300 961 388 1024 reges
410 962 518 1006 omnes
542 942 652 1006 debere
676 942 780 1026 ipsum
803 942 901 1006 veluti
923 963 1106 1025 supremum
1128 941 1165 1005 in
1189 943 1283 1006 terris

135 1044 358 1127 magistratum
389 1067 566 1130 agnoscere.
613 1047 843 1112 Testimonium
874 1046 1074 1111 adserebatur
1097 1066 1114 1109 e
1136 1047 1282 1128 psalmis,

134 1146 190 1210 ubi
212 1148 368 1231 prophete
388 1152 495 1234 regius
517 1152 572 1229 eit,
596 1151 726 1217 Domini
758 1173 823 1216 esse
854 1155 959 1215 totum
982 1154 1137 1215 terrerum
1162 1151 1282 1229 orbem,

136 1272 198 1336 quo
221 1252 347 1334 quidem
370 1275 407 1317 ex
430 1255 498 1321 loco
522 1256 631 1321 dicunt
653 1256 748 1321 talem
766 1256 834 1320 fieri
849 1256 1086 1340 syllogismum:
1110 1255 1137 1320 si
1153 1255 1284 1320 Domini

135 1359 184 1421 est
206 1359 300 1434 terre,
324 1378 398 1443 ergo
420 1360 514 1424 etiam
539 1365 587 1425 est
609 1363 685 1444 ejus,
709 1362 764 1445 qui
786 1362 886 1426 vicem
908 1361 992 1446 gerit
1015 1360 1155 1425 Domini.

136 1458 188 1524 Ite
209 1463 308 1526 crevit
331 1463 471 1548 ipsorum
493 1465 623 1532 audacie
645 1467 824 1531 mirandum
848 1466 882 1530 in
904 1466 1041 1530 modum.
1079 1465 1199 1549 Liquet
1221 1467 1283 1551 igi-

135 1567 189 1628 tur
209 1586 246 1628 ex
262 1565 323 1644 his,
346 1589 416 1651 quae
431 1570 565 1636 recitate
579 1576 663 1651 suut,
683 1571 905 1656 jusjurandum
920 1571 1000 1636 illud
1015 1571 1178 1650 sollemne,
1202 1572 1283 1656 quod

136 1691 221 1734 nunc
254 1671 286 1735 in
321 1676 578 1740 consuetudinem
612 1677 818 1742 necessariam
851 1699 888 1741 ec
920 1697 1018 1760 prope
1051 1681 1284 1741 sacrosanctam

136 1774 234 1852 obiit,
259 1777 436 1842 stabilitum
459 1801 525 1845 esse
547 1781 686 1863 primum
708 1782 749 1846 ab
771 1780 901 1845 Henrici
924 1779 1055 1845 Oaesaris
1076 1780 1282 1865 temporibus,

138 1880 193 1964 qui
215 1902 332 1966 magne
355 1885 557 1950 contentione
580 1886 795 1971 repugnabat,
826 1906 928 1969 neque
956 1885 1082 1949 frenum
1108 1885 1195 1951 istud
1217 1885 1282 1970 poti

136 1984 237 2051 voluit
258 1986 319 2049 sibi
341 1987 439 2071 injici.

225 2088 312 2154 Num
335 2113 409 2157 vcro
432 2094 540 2176 majus,
563 2100 619 2160 aut
652 2096 807 2160 illustrius
839 2095 1030 2178 requirimus
1063 2093 1281 2158 testimonium

137 2216 232 2280 quam
256 2195 346 2275 illud,
369 2199 453 2281 quod
473 2203 548 2282 post
570 2200 702 2266 Henrici
724 2201 854 2266 Caescris
876 2203 1011 2264 mortem
1032 2198 1173 2264 occidit?
1207 2198 1282 2263 Erat

701 2358 719 2396 111

140 2475 234 2556 [122]
255 2473 553 2541 Demandons·nous
570 2480 786 2565 tesmoignege
801 2481 872 2563 plus
889 2481 988 2566 grand
1005 2501 1044 2543 ou
1060 2479 1132 2562 plus
1148 2478 1281 2553 evident,

139 2600 200 2664 que
222 2578 312 2664 celuy
335 2580 389 2665 qui
423 2581 513 2645 erint
542 2604 633 2666 apres
664 2585 694 2648 le
723 2588 844 2668 trespas
869 2584 911 2648 de
932 2583 1128 2668 l'Emperenr
1150 2583 1282 2668 Henryl

703 2739 721 2777 t‘

139 2859 210 2944 [46]
234 2859 303 2924 Mes
326 2881 387 2943 que
409 2883 518 2945 mayor
539 2885 561 2946 y
583 2884 650 2926 mes
673 2861 785 2925 ilustre
808 2861 989 2925 testimonio
1014 2881 1179 2943 queremos
1209 2880 1282 2943 pera

138 2967 206 3030 esto
229 2986 289 3050 que
311 2965 342 3030 lo
366 2987 426 3052 que
449 2966 569 3032 occecio
593 2968 724 3053 despues
747 2966 784 3029 de
806 2966 838 3031 11
860 2970 981 3031 muerte
1003 2966 1089 3029 desto
1103 2963 1281 3028 Henrrico‘?

702 3126 720 3166 t‘

139 3244 257 3329 geben,
288 3247 352 3309 und
375 3249 538 3332 zugeeiget
559 3248 634 3326 hat,
670 3249 710 3314 da
732 3271 766 3313 er
787 3252 860 3334 sagt
882 3251 921 3312 zd
943 3245 974 3312 S.
999 3246 1110 3324 Peter,
1142 3245 1184 3311 Es
1205 3264 1283 3310 wore

137 3353 227 3433 gmig
249 3351 310 3414 mit
329 3352 444 3415 zweien
467 3352 650 3417 schwerten.
698 3352 747 3418 Da
769 3352 872 3424 warde
907 3351 1106 3416 beschlossen
1136 3351 1201 3415 und
1230 3371 1283 3434 ge·

138 3458 257 3532 setzet,
293 3456 348 3520 des
382 3478 416 3520 er
450 3458 502 3521 des
536 3457 775 3522 Keiserthumbs
806 3457 872 3520 und
898 3457 952 3520 der
975 3458 1113 3540 gantzen
1135 3456 1209 3519 welt
1232 3455 1281 3519 ein

139 3559 213 3624 herr
235 3560 286 3638 ist,
310 3563 375 3625 und
391 3561 445 3626 des
461 3563 522 3627 1111
537 3562 737 3639 Potentaten,
761 3561 816 3624 des
840 3561 931 3625 leben
954 3581 1016 3624 von
1039 3560 1083 3624 im
1106 3559 1282 3643 empfahen,

139 3665 220 3730 noch
242 3666 420 3752 anzeigung
442 3667 495 3730 des
517 3666 649 3751 spruchs
671 3665 716 3730 irn
736 3664 869 3742 Psclter,
892 3664 951 3728 Die
974 3665 1046 3729 crde
1068 3664 1112 3727 ist
1134 3663 1188 3727 des
1204 3662 1283 3727 Her·

138 3790 204 3833 ren.
242 3769 283 3835 So
305 3771 351 3835 sie
372 3771 456 3836 dann
479 3772 533 3834 des
557 3771 678 3835 Herren
702 3771 754 3848 ist,
777 3771 890 3855 gehiirt
914 3771 959 3834 sie
982 3769 1062 3835 auch
1084 3770 1204 3833 seinem
1226 3766 1283 3831 vi-

139 3874 244 3938 cerien
267 3874 331 3938 und
353 3876 521 3940 stet-halter
543 3879 590 3952 zd,
616 3879 675 3939 etc.

229 3970 372 4043 Solcher'
390 3981 509 4065 gestalt
541 3979 644 4044 haben
678 3979 747 4044 sich
780 3979 830 4043 die
860 3978 974 4042 sachen
1004 3977 1049 4041 im
1081 3976 1193 4041 Keiser
1222 3972 1286 4038 und

139 4084 339 4168 Bapsthumb
352 4089 554 4170 ztgetregen.
592 4084 714 4148 Dareus
737 4083 822 4148 denn
845 4082 980 4147 kldrlich
1004 4104 1055 4146 arn
1078 4085 1134 4164 teg
1156 4080 1209 4157 ist,
1233 4079 1286 4141 das

140 4189 195 4254 der
213 4189 283 4266 Eid,
307 4189 366 4253 wie
388 4212 422 4254 er
444 4190 571 4274 heutigs
594 4192 665 4272 tegs
689 4189 731 4252 im
757 4189 874 4253 breuoh
898 4188 941 4252 ist
963 4189 1028 4251 und
1051 4186 1171 4272 gethon
1195 4179 1286 4259 wiirt,

31 4321 34 4327 ·
139 4294 257 4358 neither
279 4295 473 4379 obgemelter
488 4294 600 4360 Keiser
614 4292 780 4371 Heinrich,
805 4293 860 4356 der
881 4292 1051 4366 denselbeu
1067 4295 1106 4357 mi
1121 4289 1204 4363 chun
1219 4286 1287 4361 sich

138 4402 266 4490 wegert,
288 4398 349 4464 wie
370 4397 539 4485 obgemelt,
561 4399 744 4497 euffkomen
766 4397 819 4463 ist.
