2858 5054
690 393 751 457 132

144 569 262 633 virtute
285 572 317 633 et
340 567 439 631 animi
461 566 648 649 praestantia
684 571 716 631 et
747 567 936 632 dexteritate
959 569 1096 632 multum
1118 568 1224 635 hercle
1246 570 1296 634 de·

143 673 372 757 generavimus,
396 677 433 735 ut
455 672 493 735 de
515 670 669 735 felicitate
692 671 775 735 nihil
791 671 903 750 dicam,
928 694 1023 755 quam
1041 695 1133 738 nemo
1149 681 1298 757 praestare

144 782 260 863 potest.
308 776 433 840 Bellum
457 777 541 838 certe
564 774 681 858 suscipi
703 774 798 839 debet
819 776 905 858 pacis
929 776 1109 841 obtinendae
1131 780 1163 841 et
1186 779 1297 843 confir·

143 883 267 946 mundae
290 903 391 946 causa.
435 879 554 943 Nostra
575 901 650 944 vero
665 880 750 945 bella
764 883 840 944 sunt
856 880 1057 959 immortalia,
1081 882 1198 946 seritur
1213 882 1298 947 aliud

143 1009 181 1051 ex
206 988 284 1067 alio,
309 1007 410 1069 neque
433 985 563 1049 dubium
588 988 654 1061 est,
687 986 764 1068 quin
788 989 820 1049 et
843 984 910 1049 haec
932 986 974 1049 sit
998 986 1133 1051 illustris
1156 987 1299 1071 quaedam

143 1091 199 1154 irae
222 1091 337 1154 divinae
360 1087 552 1174 significatio
575 1092 607 1152 et
631 1092 723 1167 nota,
748 1089 803 1173 qui
827 1090 968 1172 requiem
992 1113 1027 1155 ac
1050 1091 1148 1156 veluti
1171 1096 1298 1175 portum

143 1217 181 1259 ex
203 1194 254 1259 his
278 1196 379 1260 tantis
403 1194 495 1257 malis
519 1194 643 1257 nullum
667 1194 816 1260 ostendit.
863 1194 1150 1277 Frequentissimos
1173 1197 1296 1282 agimus

143 1303 326 1377 conventus
351 1298 427 1362 adeo
450 1296 597 1379 quidem,
633 1301 670 1361 ut
702 1297 786 1381 apud
815 1301 938 1362 exteros
968 1299 1010 1363 in·
1032 1300 1236 1382 proverbium
1266 1304 1296 1365 et

141 1405 247 1488 jocum
264 1402 411 1468 venerint
427 1401 656 1465 Germanorum
676 1403 813 1467 comitia.
845 1401 995 1467 Consiliis
1012 1407 1044 1467 et
1059 1404 1297 1469 deliberationi·

141 1509 201 1573 bus
223 1509 257 1572 in
282 1495 415 1572 minima
438 1506 535 1570 etiam
558 1506 723 1570 hominum
748 1508 899 1572 societate
922 1511 953 1572 et
976 1510 1205 1594 aggregatione
1219 1531 1297 1594 opus

144 1635 218 1692 esse,
244 1635 335 1678 nemo
357 1612 467 1689 nescit,
492 1633 618 1689 verum,
649 1612 731 1676 sicut
753 1613 834 1676 male
858 1612 1015 1677 adfectum
1037 1635 1172 1698 corpus,
1203 1615 1297 1680 reite·

146 1718 223 1782 ratis
247 1740 283 1782 ac
307 1739 390 1799 saepe
420 1715 565 1799 repetitis
593 1737 699 1779 carere
729 1738 792 1780 non
824 1720 931 1800 potest
964 1717 1220 1800 medicamentis,
1253 1721 1297 1786 ita

150 1843 275 1906 quoque
297 1820 479 1904 reipublicae
502 1840 566 1883 non
590 1820 670 1884 bene
693 1820 876 1884 constitutae
898 1821 1025 1904 signum
1049 1826 1105 1901 est,
1130 1823 1163 1886 in
1184 1825 1298 1908 quade

149 1928 259 1992 iisdem
284 1926 378 1990 rebus
400 1925 493 1988 toties
523 1923 644 1987 frustra
675 1926 860 1989 consulatur
890 1929 923 1989 et
952 1926 1139 1991 decernitur.
1185 1928 1299 1994 Foedus

147 2055 204 2116 per
226 2052 351 2096 omnem
367 2028 579 2106 Germaniam,
604 2032 636 2092 et
651 2050 747 2110 qnam
770 2029 834 2092 late
856 2029 1025 2113 imperium
1047 2034 1146 2114 patet,
1170 2033 1297 2098 unicum

143 2158 209 2201 esse
232 2134 376 2211 debebat,
399 2130 507 2218 toltius
530 2131 712 2214 reipublicae
735 2137 880 2215 spectans
903 2134 1162 2201 incolumitatem.
1198 2137 1295 2204 Nunc

140 2261 215 2305 vero
238 2239 376 2325 plurima
399 2241 475 2301 sunt
497 2236 668 2320 separatim
691 2239 723 2300 et
740 2237 830 2300 inter
853 2239 1017 2324 singulos,
1050 2242 1132 2323 quod
1156 2246 1206 2307 est
1227 2266 1294 2308 ma-

141 2345 262 2408 ximnm
292 2342 387 2406 dnbio
418 2339 530 2424 procul
561 2343 593 2403 et
622 2339 823 2404 alienationis
854 2343 1032 2406 animorum
1055 2348 1088 2408 et
1110 2345 1296 2414 diffidentiae

141 2453 174 2513 et
195 2448 312 2511 futurae
334 2443 550 2527 dissipationis
573 2448 807 2528 argumentum.
847 2446 890 2510 Et
913 2469 975 2530 quo
990 2449 1113 2514 veriora
1129 2452 1191 2516 ista
1210 2458 1295 2532 sunt,

141 2574 266 2635 quoque
290 2552 392 2637 magis
416 2553 528 2634 patent
550 2549 759 2633 plurimorum
784 2552 937 2631 sensibus,
961 2576 997 2617 eo
1020 2555 1213 2621 miseriorem
1230 2579 1296 2623 esse

140 2657 358 2722 condicionem
381 2659 525 2719 nostram
536 2654 677 2738 judicare
693 2655 850 2734 debemus,
875 2658 931 2739 qui
947 2662 1014 2722 tam
1031 2660 1125 2745 longe
1142 2662 1295 2727 distamus

139 2763 179 2829 ab
203 2783 260 2841 ec,
295 2783 389 2846 quem
419 2765 451 2824 et
479 2761 636 2844 optimum
660 2764 691 2824 et
714 2760 967 2825 laudatissimum
990 2767 1023 2827 et
1046 2765 1078 2827 in
1101 2765 1215 2848 primis
1238 2788 1291 2831 ex·

711 2881 729 2920 a

137 2975 235 3038 laster
259 2972 317 3037 anf
335 2970 401 3036 sich
426 2969 551 3054 hatten)
575 2970 620 3034 sie
649 2969 847 3047 dermossen,
883 2968 947 3034 Got
977 2970 1037 3035 den
1065 2973 1171 3038 Herrn
1193 2997 1292 3062 onge-

138 3078 273 3142 aweifelt
295 3099 398 3162 gegen
420 3075 488 3139 sich
512 3075 674 3139 erwecken
697 3075 762 3139 und
786 3075 915 3154 reitzen,
940 3076 995 3140 das
1010 3098 1059 3140 wo
1075 3078 1120 3142 sie
1136 3101 1168 3143 es
1185 3080 1293 3145 mteh-

138 3187 191 3246 ten
224 3182 428 3257 bedencken,
463 3181 527 3243 und
559 3179 649 3244 nieht
671 3201 706 3244 so
729 3180 843 3266 hefftig
865 3181 1034 3245 verblendt
1056 3189 1183 3262 wiron,
1219 3186 1294 3250 inen

138 3287 249 3351 billich
273 3286 369 3351 darob
393 3305 581 3370 grausamen
604 3284 676 3362 solt,
702 3284 793 3348 Denn
818 3307 850 3349 es
873 3286 916 3349 ist
934 3286 969 3369 ja
989 3287 1078 3351 mehr
1094 3288 1179 3352 dann
1197 3290 1292 3375 gwiss,

137 3392 192 3455 das
217 3390 280 3455 Got
304 3392 357 3454 der
381 3386 602 3473 Rechtfertig,
638 3389 724 3454 solch
755 3390 944 3476 onschuldig
975 3392 1064 3469 blut,
1097 3415 1133 3456 so
1155 3393 1200 3458 sie
1222 3415 1293 3458 ver-

137 3497 262 3582 giessen
285 3545 292 3575 ,
316 3493 490 3559 widerumb
512 3515 574 3557 von
597 3494 670 3560 ineu
694 3494 824 3558 fordern
855 3495 958 3559 wirdt.
1004 3494 1077 3559 Unel
1111 3498 1294 3584 onmiiglich

137 3603 200 3679 ist,
236 3584 299 3666 das
314 3622 345 3664 es
368 3599 445 3662 umb
468 3600 534 3677 sie,
567 3601 630 3664 und
656 3601 724 3665 iren
752 3602 897 3686 eohang,
930 3602 1072 3666 endtlich
1096 3604 1156 3668 wol
1179 3603 1291 3669 stehen

136 3708 219 3790 nitig.
244 3705 353 3790 Gegen
369 3705 429 3768 den
446 3725 619 3789 gemeynen
637 3705 692 3769 der
705 3704 931 3789 Christenheyt
946 3705 1043 3784 leind,
1061 3707 1120 3772 den
1132 3708 1291 3789 Tiirclren,

135 3809 179 3872 ist
202 3831 277 3872 man
299 3808 413 3892 hefftig
443 3808 630 3885 verbittert,
663 3808 722 3871 wie
745 3808 818 3890 [80]
842 3808 963 3873 billich.
1010 3811 1097 3876 Aber
1119 3833 1151 3876 es
1174 3813 1217 3876 ist
1240 3814 1291 3878 nit

134 3917 173 3978 ah
195 3916 372 3990 vermdten,
398 3912 477 3977 noch
501 3916 539 3977 ad
561 3913 686 3991 hoffen,
710 3914 765 3977 dos
788 3936 863 3978 man
885 3916 1064 4002 gltiekselig
1086 3940 1188 4004 gegen
1211 3920 1288 3985 ineu

136 4024 233 4084 etwas
255 4018 339 4084 werd
363 4013 539 4097 aulllirren,
576 4041 610 4083 so
642 4019 720 4104 lang
748 4019 807 4081 wir
839 4020 900 4084 mit
931 4021 1153 4108 demjhenigen
1175 4044 1288 4109 ,gegeu

133 4124 209 4188 inen
232 4125 376 4202 streiten,
400 4125 466 4188 und
488 4128 527 4189 ab
550 4124 613 4189 feld
637 4124 820 4202 audziehen,
844 4125 898 4190 der
923 4123 1014 4191 this
1036 4150 1110 4192 nam
1134 4127 1199 4191 und
1221 4128 1289 4209 ehr,

133 4228 224 4293 nicht
246 4230 413 4315 kleynere,
434 4231 469 4315 ja
491 4237 633 4316 grlissere
656 4230 804 4295 schmach
829 4232 893 4295 und
916 4232 1014 4296 laster
1037 4232 1173 4310 anthdt,
1205 4233 1291 4298 donn

132 4333 211 4398 eben
245 4333 300 4398 der
331 4335 450 4412 ander,
487 4335 546 4398 wie
580 4335 661 4399 oben
691 4338 851 4419 godgsam
883 4336 1016 4399 ereltret
1045 4336 1098 4400 ist.
1144 4335 1219 4400 Und
1242 4357 1292 4400 wo

132 4438 229 4524 gluck
258 4439 298 4503 da
329 4439 397 4506 sein
429 4439 493 4504 solt
517 4439 592 4525 (wie
615 4461 675 4503 uns
697 4439 782 4503 donn
806 4440 857 4504 die
879 4440 993 4504 schrift
1015 4441 1200 4527 vertriistet)
1223 4441 1292 4506 will
