2858 5054
691 329 734 392 44

136 499 237 564 113311
259 500 382 565 animos
405 502 539 576 nostros,
563 499 694 584 impulit
716 521 773 563 nos
796 503 828 564 et
844 501 1000 583 pertraxit
1015 501 1050 565 in
1066 523 1287 586 quamcunque

133 605 235 669 331311
265 607 403 687 partem,
437 605 588 688 quicquid
620 605 648 669 ci
680 605 780 670 suasit
801 606 852 670 331
874 604 1017 693 313331113
1038 608 1089 672 331
1110 607 1213 673 fastus
1237 611 1286 675 vel

134 709 319 773 dominandi
341 708 497 791 cupiditas
521 710 570 772 vel
593 708 689 772 ctiam
704 708 889 773 ludificandi
904 714 936 774 31
953 711 1115 775 133113311
1131 715 1283 793 studium,

133 835 200 877 non
222 812 381 876 dubitavit
413 812 444 875 id
468 812 572 896 ipsum
597 834 773 896 proponere
797 814 888 878 uobis
910 819 943 879 et
965 816 1115 881 mandare
1137 820 1225 882 33131
1248 841 1286 883 ex

133 917 203 1000 ipso
234 916 448 1000 apostolorum
478 919 591 980 senatu
625 916 811 1000 profectum.
867 916 980 1002 Neque
1013 943 1086 985 vero
1118 925 1286 987 contentus
1351 989 1353 993 ,

135 1025 202 1086 tam
226 1022 338 1086 acerbo
360 1026 391 1086 et
414 1025 544 1086 cruento
568 1021 659 1099 ludo,
694 1021 862 1087 facultates
885 1045 921 1088 33
943 1045 1017 1109 3333
1040 1028 1165 1089 3331333
1188 1027 1286 1090 etiam

135 1126 275 1210 deripuit
297 1130 329 1190 et
358 1125 523 1202 exhausit,
558 1148 629 1190 cum
661 1129 768 1190 tamen
801 1127 931 1192 interim
963 1128 1046 1193 nihil
1077 1152 1184 1194 eorum
1217 1132 1285 1218 ipse

134 1231 293 1308 crederet,
318 1250 387 1313 quae
409 1229 500 1293 nobis
524 1231 678 1294 credenda
699 1252 764 1294 non
788 1231 893 1296 minus
918 1255 1012 1316 quam
1036 1231 1155 1298 Christi
1178 1256 1285 1299 vocem

135 1355 171 1398 33
194 1333 351 1418 evangelii
373 1333 549 1398 doctrinam
578 1335 800 1419 praecipiebat,
836 1359 906 1420 quae
934 1337 1027 1402 nobis
1057 1341 1148 1402 tanto
1181 1340 1284 1422 pretio
1352 1326 1356 1347 ’

133 1438 299 1518 vendebat,
323 1438 418 1502 toties
441 1442 473 1503 31
498 1443 589 1504 13313
612 1441 833 1506 ostentatione.
871 1441 910 1506 In
934 1464 1032 1526 eaque
1055 1443 1285 1508 nundinatione

135 1543 284 1608 utebatur
306 1542 478 1626 aptissimis
502 1545 647 1629 organis,
671 1545 853 1610 hominibus
876 1547 1029 1625 indoctis,
1053 1547 1203 1632 impuris,
1226 1549 1284 1614 fla·

136 1648 271 1734 gitiosiS,
295 1646 471 1726 lenonibus,
495 1649 586 1727 33313,
610 1648 815 1728 mulionibus,
840 1651 984 1729 cinaedis,
1009 1650 1228 1731 histrionibus
1252 1656 1285 1718 et

701 1770 719 1809 3

136 1857 231 1922 tude:
256 1858 278 1921 il
311 1879 389 1921 nous
420 1848 591 1942 apousscz
615 1861 647 1922 et
673 1859 794 1924 trainez
826 1860 864 1924 de
898 1860 929 1924 13
963 1863 1036 1944 3331
1070 1861 1148 1944 qu’il
1177 1861 1233 1947 luy
1267 1885 1286 1926 a

134 1962 218 2048 3133.
260 1961 289 2026 11
316 1960 367 2026 3’3
393 1961 454 2026 fait
477 1963 570 2026 doute
598 1963 636 2027 13
662 1965 863 2030 commender
887 1986 921 2028 ce
953 1987 1013 2048 que
1045 1963 1209 2042 13333133,
1244 1988 1285 2030 33

137 2068 300 2154 l'orgueil,
331 2091 372 2133 ou
403 2068 435 2132 la
465 2069 638 2133 convoitise
667 2070 704 2133 de
735 2070 893 2148 dominer,
924 2091 964 2133 ou
993 2091 1110 2134 mesme
1140 2070 1286 2154 l'appetit

138 2173 176 2237 13
199 2195 231 2237 33
242 2173 334 2256 jouer
349 2176 381 2236 31
397 2193 527 2255 moquer
552 2174 607 2258 luy
630 2173 715 2237 33311
739 2175 798 2237 mis
821 2195 859 2237 en
883 2175 914 2237 la
936 2174 1090 2252 fantasie,
1117 2196 1237 2239 comme
1260 2175 1287 2239 si

136 2276 203 2340 cela
219 2276 327 2339 venoit
342 2276 382 2340 13
396 2279 486 2340 33331
500 2277 552 2340 133
570 2276 732 2359 13331333.
763 2276 836 2341 Non
853 2281 983 2341 content
999 2278 1074 2342 d'uri
1086 2279 1139 2361 jeu
1156 2280 1184 2342 si
1205 2279 1285 2342 mal·

139 2380 278 2462 plaisant
301 2383 332 2444 et
355 2380 451 2458 33331,
475 2380 499 2444 11
521 2403 540 2444 3
561 2380 637 2465 pillei
659 2386 692 2444 31
714 2383 861 2445 consume
882 2404 941 2446 333
963 2382 1062 2462 biens,
1085 2406 1126 2447 ne
1154 2387 1286 2468 croyant

138 2483 207 2548 rien
231 2484 406 2567 cependant
429 2483 467 2546 de
489 2506 523 2548 33
557 2484 636 2566 qu'il
658 2505 697 2547 en
732 2483 896 2570 chargeoit
926 2486 976 2549 13
991 2488 1089 2552 croire
1112 2492 1182 2552 tout
1205 2489 1287 2553 ainsi

140 2610 200 2674 que
222 2589 253 2652 13
275 2589 348 2653 voix
375 2587 589 2654 1301313131
612 2587 644 2651 13
668 2587 809 2652 doctrine
832 2589 869 2652 13
889 2588 1081 2677 l'Evangile,
1106 2593 1184 2676 qu'il
1207 2615 1287 2658 nous

136 2695 266 2760 vendoit
297 2694 324 2757 si
354 2693 444 2772 cher,
476 2695 504 2757 si
538 2697 669 2758 1333331
704 2698 736 2757 31
765 2716 915 2778 aveoques
949 2696 976 2759 si
1006 2697 1126 2781 grande
1161 2698 1285 2781 parade.

137 2799 223 2866 Pour
245 2801 320 2866 13113
349 2800 457 2865 313333
487 2800 636 2884 traffique
667 2799 690 2862 11
721 2799 808 2864 33311
835 2800 889 2863 dee
911 2822 989 2886 gens
1012 2801 1049 2864 de
1072 2823 1198 2881 mesme,
1236 2825 1285 2867 33-

702 2920 719 2957 ’t

138 3012 259 3076 serable
289 3010 514 3086 servidumbre,
538 3030 758 3092 rempuxonos,
781 3032 802 3093 y
828 3008 870 3072 ha
891 2991 948 3073 uos
968 3011 1080 3095 133313
1104 3015 1291 3077 333331333-’

137 3116 177 3180 do
200 3137 259 3199 por
282 3115 448 3199 qualquier
473 3117 564 3196 parte
588 3136 649 3196 que
671 3113 714 3177 ha
736 3114 876 3196 querido.
923 3115 1095 3199 Qualquier
1123 3138 1196 3182 cosa
1225 3139 1286 3200 que

135 3219 165 3284 13
195 3220 379 3303 aconsejava
410 3241 446 3282 su
477 3218 630 3294 avaricia,
661 3218 864 3295 osobervia,
894 3239 912 3281 o
944 3218 976 3282 la
1006 3221 1146 3285 cobdicia
1175 3221 1213 3285 de
1236 3243 1284 3286 se·

137 3331 259 3402 floreae,
283 3348 304 3409 y
326 3346 345 3387 3
369 3346 412 3387 33
438 3322 579 3386 tambien
605 3322 763 3386 31133333
791 3323 829 3387 13
851 3322 993 3387 13313333
1015 3348 1037 3408 3
1068 3324 1286 3389 1333333333-

135 3428 251 3492 31313
277 3433 441 3504 33331333,
465 3428 611 3512 ninguna
637 3427 835 3492 1311331313
859 3429 976 3493 13333
1000 3430 1230 3514 1333333333,
1265 3454 1286 3515 y

136 3534 285 3611 mandat,
309 3555 398 3598 como
420 3554 492 3597 cosa
514 3533 614 3597 331113
636 3533 686 3598 (131
709 3532 820 3616 333313
847 3531 1042 3598 Consistorio
1066 3535 1103 3598 de
1126 3536 1173 3598 los
1197 3533 1286 3617 Apo-

136 3643 240 3706 313133.
288 3638 320 3702 Y
335 3661 398 3703 aun
414 3659 456 3701 uo
472 3641 621 3702 contento
637 3659 695 3703 con
720 3641 786 3702 3313
810 3642 867 3702 133
882 3637 1040 3703 horrenda
1055 3663 1076 3724 y
1092 3661 1285 3724 cnsangren-

134 3745 209 3810 1313
240 3745 398 3830 esgrima,
432 3765 546 3826 saqueo
579 3765 637 3807 nos
667 3742 788 3827 yrobo
812 3764 869 3806 nos
897 3742 1038 3807 tambien
1062 3747 1205 3807 nuestras
1228 3744 1285 3808 ha·
1341 3820 1346 3830 ¹

135 3849 259 3913 ziendas
282 3850 331 3912 313
356 3850 451 3914 13333
474 3850 555 3913 3313
579 3849 686 3926 131133,
710 3871 752 3912 33
775 3850 929 3934 33333313
946 3849 975 3912 31
1003 3870 1120 3912 mesmo
1144 3849 1232 3919 3313Ι
1249 3850 1286 3914 13

135 3954 276 4036 aquellas
308 3976 411 4032 cosae,
444 3976 504 4038 que
537 3975 594 4019 nos
627 3954 782 4018 33331333
818 3975 920 4031 33333,
953 3976 996 4017 33
1030 3974 1137 4016 menos
1171 3975 1231 4037 que
1258 3955 1286 4018 si

135 4057 247 4122 fueran
278 4058 424 4141 palabras
458 4059 495 4122 de
519 4057 689 4142 Christoy
718 4057 862 4122 13313133
885 4057 1149 4143 delEvangeliO,
1183 4079 1285 4142 3333

135 4160 182 4226 las
206 4162 319 4226 333113
341 4167 397 4228 133
423 4183 522 4242 33333,
546 4165 690 4246 3133133
713 4183 800 4225 33333
822 4184 844 4246 3
868 4182 927 4226 333
947 4164 1039 4225 13313
1065 4160 1224 4245 apara[to]
1239 4159 1285 4245 'y

206 4406 220 4460 l
241 4407 360 4475 aparato
380 4405 456 4461 1857.
478 4408 563 4462 1559:
582 4422 691 4477 33333.
