2858 5054
709 337 751 396 411

152 526 217 570 non
240 505 442 590 agnoscitur,
478 527 586 570 verum
615 506 711 571 etiam
742 505 787 570 ita
818 528 851 570 se
881 513 1042 591 comparat
1072 514 1106 575 et
1133 516 1200 577 tam
1224 515 1303 578 arti-

40 601 45 609 ’
151 609 256 674 ficiose
279 609 497 673 crudelitatem
521 632 609 674 suam
638 610 741 694 tegit,
776 616 813 673 ut
844 613 966 675 colatur
995 617 1027 676 et
1057 615 1240 681 observetur
1264 620 1303 684 ab

150 714 316 790 omnibus,
348 715 412 778 acsi
442 718 596 796 tanquam
619 713 849 796 nu[CIV]men
872 716 1000 799 aliquod
1022 719 1161 784 salutare
1183 725 1301 788 consti-

150 824 238 884 tutus
261 823 351 884 essetx
366 841 383 882 a
399 818 466 882 Deo
490 819 523 882 in
547 818 605 883 hac
628 818 743 882 misera
758 823 789 882 et
807 819 992 885 calamitosa
1007 824 1172 888 hominum
1188 826 1263 892 vita.

149 923 265 991 Nonne
288 924 508 1009 reges'omnes
530 945 566 987 ac
588 923 766 988 monarchae
789 924 920 989 fuerunt
949 925 1043 1010 hujus
1073 928 1300 996 dominationis

151 1029 372 1096 admirabundi
407 1031 599 1112 spectatores
635 1032 667 1092 et
689 1028 871 1111 adjutores?
916 1029 977 1106 Qui
1000 1035 1127 1097 tametsi
1151 1036 1300 1118 majorem

148 1134 366 1202 innocentiam
399 1138 430 1198 et
464 1134 636 1216 puritatem
671 1133 704 1197 in
738 1133 804 1216 ejus
834 1135 901 1199 vita
923 1134 1056 1201 fortasse
1079 1138 1300 1206 desiderabant

148 1241 335 1324 aliquando,
360 1260 424 1303 non
447 1241 553 1302 tamen
578 1242 750 1321 potuerunt
772 1261 843 1303 eum
866 1261 1050 1324 agnoscere,
1075 1245 1224 1326 quoniam
1248 1269 1297 1310 re·

147 1344 276 1432 ligionis
299 1343 448 1425 opinione
471 1342 710 1419 detinebantur,
746 1342 857 1407 deinde
886 1344 931 1407 sic
953 1351 1040 1424 erat,
1076 1350 1113 1409 ut
1135 1353 1296 1431 oporteret

147 1471 220 1516 eum
243 1448 380 1534 grassari
402 1447 442 1511 ad
464 1447 550 1511 huno
574 1448 721 1524 modum,
756 1447 789 1511 in
821 1470 943 1513 summa
965 1450 1108 1515 omnium
1130 1452 1296 1519 hominum

147 1554 358 1642 ignoratione,
382 1555 414 1616 et
437 1551 628 1635 impunitate
651 1551 804 1628 maxima,
829 1552 911 1616 sicut
941 1555 1099 1638 scriptura
1128 1559 1295 1644 praesigni-

146 1661 262 1727 ficavit.
297 1659 375 1725 Cum
398 1678 471 1721 vero
493 1658 687 1739 pervenisset
709 1658 747 1721 ad
771 1679 930 1721 summum
952 1660 1085 1744 gradum
1110 1662 1294 1746 impietatis,

146 1772 183 1832 ut
204 1762 371 1850 superaddi
392 1761 476 1826 nihil
497 1765 612 1844 posset,
636 1760 765 1826 adortus
788 1766 837 1825 est
859 1762 963 1845 ipsum
986 1762 1081 1841 Deus,
1105 1765 1191 1831 intra
1215 1766 1293 1831 Ger·

712 1882 729 1920 *

145 1977 209 2042 s'en
230 1976 303 2040 daut
325 1972 404 2057 qu'il
432 1972 494 2036 soit
524 1991 628 2056 cognu
658 1971 697 2053 (si
720 1971 873 2034 finement
895 1971 918 2035 il
942 1993 1055 2036 couvre
1086 1995 1120 2038 sa
1150 1979 1294 2062 ornante)
1337 2006 1341 2015 ·

146 2083 242 2165 qu'au
264 2077 422 2144 contraire
443 2075 469 2140 il
491 2079 540 2139 est
562 2074 643 2138 servi
666 2077 698 2138 et
721 2076 827 2139 revere
849 2076 887 2139 de
906 2079 986 2153 tous,
1011 2098 1131 2143 comme
1157 2080 1185 2144 si
1213 2080 1294 2145 Dieu

144 2185 255 2249 l'avoit
277 2181 433 2246 constitue
465 2203 505 2244 en
537 2184 622 2244 ceste
649 2180 698 2243 vie
721 2180 887 2245 miserable
914 2186 946 2246 et
968 2183 1073 2265 pleine
1096 2185 1134 2247 de
1164 2185 1294 2251 calami-

142 2293 201 2368 tez,
225 2309 305 2372 pour
326 2307 389 2351 une
410 2287 577 2369 puissance
599 2285 714 2362 divine,
739 2285 889 2350 salutaire
912 2308 973 2350 aux
996 2286 1145 2351 hommes.

710 2406 727 2445 a

142 2520 183 2563 en
216 2496 335 2582 alguna
365 2494 435 2560 sola
457 2494 632 2579 Republica
656 2517 674 2558 o
696 2494 872 2573 Provincia,
896 2518 964 2560 mas
991 2518 1049 2580 por
1076 2497 1140 2560 oasi
1163 2498 1237 2562 toda
1261 2499 1292 2563 la

141 2602 287 2685 Europa,
318 2624 339 2684 y
362 2620 421 2664 con
444 2598 519 2662 todo
543 2619 610 2662 esso
634 2620 675 2663 no
698 2598 870 2663 solamente
900 2621 941 2664 no
962 2621 996 2662 es
1019 2601 1184 2679 conoeido,
1215 2625 1290 2686 pero

140 2709 170 2772 el
192 2729 225 2771 se
247 2706 289 2770 ha
311 2705 348 2769 de
370 2706 416 2768 tet
442 2724 581 2780 manera,
606 2727 627 2787 y
654 2704 790 2767 encubre
815 2707 870 2768 tan
895 2710 1131 2769 mariosamente
1156 2729 1193 2770 su
1218 2729 1288 2772 oru-

140 2813 242 2891 eldat,
276 2834 336 2895 que
366 2809 457 2874 todos
479 2809 510 2872 lo
534 2811 646 2873 acatan
668 2832 690 2893 y
712 2809 742 2872 le
773 2808 895 2885 sirven,
929 2829 1017 2872 como
1047 2810 1074 2872 si
1105 2809 1208 2875 fuesse
1240 2813 1287 2877 al-

139 2940 204 3003 gnn
229 2918 315 2994 dios,
352 2917 462 3000 puesto
486 2914 523 2977 de
545 2913 577 2978 la
604 2935 698 2977 mano
714 2912 759 2976 de
781 2912 858 3002 Dios
889 2935 965 2995 para
994 2914 1050 2976 dar
1080 2915 1168 2979 salud
1198 2917 1287 2981 alos

138 3022 286 3087 hombres
309 3043 349 3084 en
371 3023 440 3084 esta
467 3019 635 3082 miserable
657 3041 678 3102 y
701 3017 883 3082 calamitosa
906 3017 986 3082 vida.

706 3193 723 3232 *
775 3190 778 3194 ,

224 3335 337 3400 Haben
361 3335 406 3398 im
428 3334 479 3399 nit
502 3334 563 3398 alle
584 3333 695 3420 keyser
717 3336 783 3400 und
810 3336 928 3422 kbnig,
959 3338 1024 3401 und
1054 3338 1206 3422 volgends
1237 3339 1287 3404 die

137 3443 250 3528 gantae
272 3441 348 3506 welt
370 3440 421 3504 hie
443 3441 477 3505 in
500 3441 698 3524 zugesehen?
730 3442 795 3505 und
827 3443 867 3507 ob
891 3443 935 3506 sie
958 3442 1018 3505 wol
1041 3441 1194 3525 gesehen,
1229 3445 1285 3507 das

135 3571 169 3612 er
192 3548 243 3612 ein
267 3545 465 3610 schandtlich
486 3545 693 3610 onohristlich
709 3546 799 3610 leben
816 3542 950 3632 geffiret,
975 3546 1079 3610 haben
1094 3547 1140 3609 sie
1156 3548 1188 3612 in
1206 3547 1286 3612 doch
1312 3548 1315 3555 '

133 3652 184 3715 nit
206 3655 323 3734 mdgen
346 3648 517 3726 erkennen,
540 3649 623 3713 denn
647 3671 681 3714 er
704 3649 760 3713 hat
779 3649 787 3684 ¹
812 3646 921 3714 darfdr
943 3651 1095 3733 gebawet,
1119 3651 1166 3713 als
1189 3650 1229 3715 da
1252 3673 1285 3714 er

133 3756 179 3820 sie
201 3754 339 3819 vereidet
360 3753 426 3829 hat,
450 3753 516 3817 und
539 3753 619 3818 auch
641 3757 728 3818 must
751 3776 784 3818 er
806 3754 856 3818 die
875 3754 1046 3837 bestimpte
1061 3753 1132 3830 zeit,
1155 3754 1214 3817 wie
1230 3755 1284 3818 der

133 3859 266 3943 Apostel
288 3862 370 3943 sagt,
394 3858 602 3942 ausregieren.
643 3857 715 3921 Und
737 3858 888 3922 demnach
913 3859 959 3922 als
982 3859 1033 3922 ein
1057 3857 1143 3922 soloh
1164 3859 1282 3941 jiimer-

132 3962 217 4041 lioh,
249 3984 446 4040 verworren,
481 3964 547 4027 und
570 3963 760 4028 Barbarisoh
792 3965 870 4048 ding
901 3966 935 4030 in
959 3966 1013 4029 der
1036 3964 1183 4048 Religion
1207 3986 1282 4040 war,

132 4067 205 4144 das,
235 4087 378 4130 woman
400 4066 515 4132 hinder
537 4067 604 4132 sich
627 4067 779 4145 dencket,
810 4069 913 4133 einem
937 4069 1023 4154 bang
1046 4069 1110 4132 und
1133 4089 1282 4152 graneam

132 4171 257 4236 werden
279 4175 359 4251 mbs,
386 4170 443 4236 hat
465 4170 546 4250 Got,
570 4175 609 4236 rt
632 4171 818 4256 bestimpter
840 4173 920 4250 zeit,
953 4172 1056 4235 seiner
1078 4171 1283 4256 verheissung

203 4415 215 4472 l
236 4414 288 4470 hat
305 4412 385 4470 auch.
