2858 5054
683 337 724 400 90

132 505 228 574 Nunc
250 530 344 587 vero,
377 508 404 572 si
427 511 533 572 tantas
557 508 690 591 injurias
713 512 745 573 11
767 508 986 584 contumeliae,
1012 508 1126 591 quibus
1150 531 1204 574 vos
1228 508 1279 572 ad-

133 612 220 690 fecit,
244 636 437 697 concoquere
459 615 592 697 potestis
615 619 646 678 et
662 615 775 678 leniter
791 615 1005 697 interpretari,
1030 614 1165 678 nimium
1180 614 1281 678 hercle

135 717 294 799 patienter
319 718 350 782 id
373 717 490 795 facitis,
515 722 548 781 11
569 718 736 781 videndum
762 721 810 782 est
832 717 932 795 vobis,
959 740 999 782 11
1020 718 1127 800 potius
1150 719 1281 804 ignaviae

136 821 179 885 sit
202 823 406 887 tribuendum
430 822 534 900 istud,
559 844 653 905 quam
677 824 726 886 vel
747 822 958 886 moderationi
981 823 1029 886 vel
1053 823 1281 906 temperantia.

134 926 378 1012 [tespioiendum
410 932 458 992 est
487 928 571 992 11111
605 951 668 991 non
698 928 799 990 solum
823 928 862 992 ad
886 926 952 991 haec
975 927 1077 1006 illius,
1110 927 1282 1009 1111111111-

134 1055 214 1111 mus,
239 1032 404 1109 mandata,
435 1032 486 1096 scd
510 1032 714 1115 cogitandum
737 1035 800 1109 est,
832 1031 907 1114 quid
938 1031 1140 1095 antecesserit
1170 1052 1224 1108 ea,
1254 1034 1283 1094 et

135 1138 396 1221 quemadmodum
421 1137 509 1220 prius
531 1136 586 1199 ille
617 1135 788 1198 devastarit
821 1135 945 1210 omnia,
977 1158 1070 1218 quarn
1095 1136 1156 1199 huo
1179 1136 1282 1219 impu-

136 1242 250 1306 dentiae
273 1249 305 1306 et
327 1241 462 1306 vesaniae
486 1240 688 1305 descenderit.
735 1238 945 1325 Cogitandum
968 1241 1081 1319 etiam,
1106 1241 1181 1324 quid
1204 1261 1284 1324 prae·

135 1349 221 1408 terea
244 1346 386 1410 facturus
410 1346 518 1423 fuerit,
541 1346 604 1410 nisi
628 1344 780 1408 divinitus
807 1345 935 1408 detectae
959 1344 1095 1408 fuissent
1111 1345 1176 1427 ejus
1192 1349 1284 1409 artes.

134 1449 174 1514 In
198 1449 311 1533 primis
335 1455 441 1515 autem
464 1449 727 1514 considerandum
750 1453 808 1527 est,
832 1450 913 1514 hanc
937 1450 1036 1534 ipsius
1060 1450 1229 1514 avaritiam
1252 1453 1283 1514 et

135 1554 344 1637 rapacitatem
368 1556 409 1619 ob
431 1556 537 1621 oculos
559 1555 697 1638 positam
721 1576 787 1618 esse
810 1555 843 1617 in
866 1554 1094 1638 prophetarum
1111 1558 1143 1618 et
1157 1559 1283 1639 aposto-

134 1660 238 1746 lorum
260 1659 457 1744 scri[(}]ptis,
481 1661 611 1743 ideoque
634 1681 727 1740 nunc,
761 1662 928 1743 postquam
952 1664 999 1723 est
1016 1660 1208 1742 patefactus,
1232 1682 1284 1723 ex·

135 1766 301 1829 ecrandam
332 1767 398 1849 ejus
428 1788 495 1830 esse
526 1787 562 1829 ac
591 1763 692 1827 modis
715 1763 862 1827 omnibus
884 1764 1068 1849 fugiendam
1092 1765 1287 1829 societatem

135 1867 206 1934 Hoc
239 1871 333 1935 etiam
369 1877 453 1936 certo
484 1871 704 1945 statuendum,
738 1869 859 1932 nullam
883 1891 949 1934 rem
972 1871 1077 1953 piam,
1108 1870 1284 1945 honestam,

136 1976 305 2040 salutarem
330 1981 362 2051 et
384 1977 563 2052 laudatam,
588 1975 732 2058 deinceps
756 1975 796 2039 ab
821 1997 856 2038 eo
880 1976 1115 2060 expectandam.
1161 1974 1284 2040 Inebri-

136 2076 203 2144 avit
224 2081 309 2145 enim
331 2083 440 2146 orbem
463 2085 620 2145 terrarum
645 2080 699 2143 illo
722 2102 777 2144 suo
800 2081 937 2144 venefico
957 2084 988 2145 et
1011 2082 1082 2164 plus
1107 2079 1283 2164 11111011-

135 2206 197 2249 caeo
221 2187 348 2269 poculo,
379 2185 571 2250 dementavit
595 2206 720 2248 onmem
744 2185 921 2270 Europam,
953 2191 986 2250 et
1013 2207 1115 2250 meras
1139 2185 1283 2249 instituit

135 2289 431 2379 idololatrias,ipse
452 2292 582 2354 interim
605 2313 668 2355 non
692 2295 757 2354 tam
780 2291 936 2356 idolorum
960 2293 1062 2356 cultor
1084 2313 1180 2375 quarn
1203 2290 1280 2373 Epi.-

137 2415 263 2471 cureus,
285 2417 410 2458 omnem
434 2395 620 2481 religionem
645 2399 867 2474 contemnens,
897 2399 929 2460 et
951 2396 1102 2460 honorem
1126 2394 1186 2458 sibi
1209 2417 1286 2459 ven·

136 2498 254 2576 dicans,
278 2500 333 2582 qui
356 2501 415 2565 soli
437 2501 504 2565 Deo
527 2501 666 2565 debetur.

222 2603 281 2668 His
305 2605 381 2670 adeo
404 2605 441 2669 de
464 2607 565 2670 causis
598 2606 739 2670 adoritur
762 2608 866 2690 ipsum
886 2608 987 2684 Deus,
1023 2606 1184 2692 percellit,
1217 2628 1286 2669 ver-

137 2709 236 2788 berat,
259 2710 410 2794 flagellat,
433 2712 560 2790 turbat,
584 2735 648 2776 non
671 2716 707 2776 ut
733 2713 886 2778 Davidem
910 2713 1048 2796 aliquem
1072 2713 1127 2774 aut
1153 2709 1210 2774 Iob
1234 2711 1284 2774 vel

136 2816 256 2879 similes
278 2817 488 2882 afflictionum
511 2824 542 2882 et
564 2819 728 2903 patientiae
752 2820 878 2882 nomine
901 2818 1001 2881 claros
1024 2816 1144 2892 heroas,
1171 2836 1282 2878 verum

136 2924 174 2985 ut
196 2920 390 2987 Pharaonem
424 2928 456 2987 et
485 2924 517 2987 id
543 2945 643 3008 genus
665 2923 743 2987 alias
766 2927 920 2987 terrarum
944 2925 1056 3005 pestes.
1103 2919 1177 2983 Non
1201 2919 1286 2981 enim

137 3025 286 3108 suspirat,
311 3048 374 3090 non
398 3026 579 3112 ingemiscit
601 3029 639 3091 ad
662 3026 774 3104 Deum,
798 3030 835 3090 ut
858 3026 1001 3090 remittat
1023 3025 1114 3100 iram,
1137 3027 1286 3087 111111-

136 3131 202 3192 tem
223 3130 379 3213 largiatur
401 3131 629 3195 emendationis
652 3130 814 3213 cupidam,
848 3132 902 3194 sed
933 3130 1078 3194 sublimis
1107 3133 1139 3192 et
1162 3150 1233 3192 acer
1255 3130 1287 3190 11

138 3232 307 3313 fastuosus,
330 3236 443 3318 opibus
467 3236 587 3300 nefarie
610 3235 773 3318 acquisitis
796 3239 828 3299 et
850 3257 961 3320 regum
989 3234 1137 3299 subsidiis
1161 3231 1287 3317 egregie

138 3338 374 3423 circumseptus,
399 3345 435 3405 ut
458 3345 560 3424 putat,
583 3341 616 3403 in
641 3362 758 3425 magna
784 3342 953 3405 securitate
978 3340 1067 3405 vivit.
1117 3337 1200 3402 Nam
1226 3358 1286 3419 pu·

136 3443 236 3509 1111111
259 3445 344 3509 orbis
368 3447 573 3524 calamitates,
598 3447 712 3531 quibus
736 3446 832 3509 hodie
856 3445 1047 3520 divexamur,
1072 3443 1112 3507 ab
1132 3464 1168 3506 eo
1187 3441 1287 3520 veluti

137 3548 226 3613 fonte
255 3551 421 3634 provenire
452 3555 562 3635 putat,
596 3553 679 3636 quod
709 3551 808 3634 ipsius
831 3554 862 3613 et
884 3551 1081 3633 majestatem
1111 3551 1143 3610 et
1169 3544 1286 3610 sancti-

137 3658 236 3721 tatem
266 3661 298 3719 ct
325 3655 509 3720 beatitatem
540 3680 601 3721 non
634 3657 711 3722 satis
736 3659 914 3720 reverenter
937 3651 1286 3739 agnoscant'homincs.

705 3777 723 3818 s

137 3866 219 3930 noch
250 3870 346 3930 etwas
377 3866 491 3929 darinn
520 3863 584 3930 zi1¹
615 3867 816 3930 veriinderen.
864 3863 924 3927 Die
947 3861 1062 3926 Stende
1097 3861 1150 3924 des
1172 3857 1288 3921 Iteichs

136 3971 249 4036 hatten
281 3971 348 4035 sich
377 3975 472 4036 advor
504 3971 582 4033 viler
613 3970 832 4034 beschwerniis
864 3969 929 4032 und
953 3988 1078 4052 grosser
1102 3962 1287 4029 millbreuch

137 4077 283 4141 1111111111
300 4078 425 4161 beclagt
448 4077 494 4159 (in
510 4075 649 4140 welchen
666 4076 831 4139 Ar'tiolreln
849 4074 931 4140 auch
954 4073 1068 4138 etliche
1091 4071 1190 4146 seind,
1215 4070 1287 4132 dar-

138 4183 198 4246 aull
222 4204 297 4245 man
320 4183 379 4246 den
402 4181 575 4245 Endchrist
605 4180 770 4263 erkennet)

97 4381 99 4386 ¹
210 4413 317 4477 Lfohlt
334 4407 376 4469 ad.
