2858 5054
622 333 682 396 135

75 514 213 570 vestram
237 505 410 590 implorant
433 509 464 569 et
487 508 672 588 expectant,
704 509 740 569 ut
763 505 878 569 liberos
901 504 1057 583 infantes,
1081 510 1228 589 parentes

75 610 268 694 decrepitos,
305 610 388 674 filias
421 610 581 695 virgines,
615 615 712 692 atque
735 631 847 674 uxores
870 609 999 693 pudicas
1023 611 1063 675 ab
1085 610 1173 675 illius
1197 613 1229 675 et

75 714 193 800 gladiis
215 718 247 780 et
270 715 399 779 nefariis
423 714 609 778 libidinibus
634 719 665 777 et
689 714 809 797 stupris
832 713 980 797 eripiant.
1012 712 1079 789 Qua
1101 715 1228 798 quidam

76 841 136 904 ope
160 820 186 883 si
210 819 440 895 destituantur,
472 824 558 882 certo
581 822 729 883 statuunt
751 822 782 882 et
804 820 934 899 yident,
970 819 1018 882 evi
1035 841 1087 884 are
1109 842 1141 885 se
1163 843 1227 886 non

76 946 168 1009 posse
191 924 262 988 illas
286 945 453 1000 aerumnas,
483 924 515 986 in
540 945 617 1006 quas
642 923 748 987 etalii
774 923 950 1006 complures
972 928 1047 988 ante
1070 925 1154 1007 ipsos
1177 926 1227 989 in-

80 1029 235 1108 ciderunt,
259 1032 291 1092 et
314 1050 382 1105 noa,
406 1029 484 1112 ipsis
506 1029 673 1112 oppressis,
699 1027 794 1092 dubio
816 1027 925 1110 proeul
949 1027 1153 1093 incurremus.
1176 1029 1180 1112 Ι

645 1149 662 1188 a

77 1239 181 1323 legen,
205 1238 270 1302 und
293 1236 453 1322 glaublieh
477 1239 540 1314 ist,
565 1237 618 1301 das
643 1237 757 1300 andere
780 1237 900 1302 Nation
925 1237 997 1302 die¹
1022 1238 1057 1305 Ε.
1082 1236 1137 1302 Ch.
1163 1239 1228 1304 und

75 1341 110 1405 F.
136 1340 173 1406 G.
196 1345 267 1425 yetz
289 1339 439 1406 zdsehent
452 1338 483 1419 ²,
516 1341 678 1406 derselben
707 1344 821 1425 tugent
850 1341 915 1405 und
947 1342 1144 1426 fdsstappen,
1179 1366 1227 1410 wo

76 1449 172 1510 etwas
189 1445 315 1529 dapfers
330 1445 394 1508 und
411 1443 660 1509 frdehtbarliehs
677 1446 893 1510 entsehlossen
909 1447 1014 1525 wirdt,
1031 1449 1227 1536 naehvolgen

78 1550 222 1624 werden,
254 1551 322 1616 Ded
351 1549 417 1614 sich
442 1550 503 1614 alle
525 1550 726 1636 gdthertzige
750 1552 815 1614 also
839 1554 877 1615 ad
900 1551 935 1616 E.
960 1551 1016 1616 Ch.
1040 1555 1105 1617 und
1130 1554 1163 1618 F.
1190 1553 1226 1621 G.

76 1659 148 1720 adm
177 1654 442 1719 underth'anisten
471 1656 641 1733 versehen,
676 1655 736 1720 Die
767 1655 819 1720 ioh
847 1656 960 1721 hiemit
983 1657 1052 1721 dem
1078 1658 1228 1724 Almeoh·

76 1761 166 1846 tigen
199 1762 232 1825 in
262 1761 376 1826 hohem
406 1761 634 1847 gllielrseligem
657 1762 768 1826 standt
803 1762 974 1849 langwirig
1006 1767 1043 1827 ad
1075 1763 1226 1849 regiaren,

76 1865 220 1943 bevilhe,
259 1869 319 1930 mit
349 1867 630 1953 underthiinigster
663 1869 747 1945 bitt,
786 1868 830 1933 sie
863 1869 993 1933 wdlleut
1026 1869 1107 1934 disee
1143 1870 1228 1933 mein

77 1971 242 2034 sehreiben
266 1971 298 2033 in
332 1971 455 2056 keynen
480 1973 647 2058 ongnaden
678 1973 865 2053 verstehen‚
897 1973 1011 2038 sunder
1041 1972 1228 2058 gnadiglieh

78 2075 268 2154 bedeneken,
292 2077 348 2140 das
371 2098 487 2141 esron
511 2078 573 2142 mir
595 2075 827 2142 dienstlioher⁸
850 2084 963 2143 trewer
986 2098 1150 2165 maynung
1172 2077 1227 2142 be·

26 2194 51 2206 ·“
77 2178 215 2244 sohehen
239 2180 290 2244 ist.

149 2404 163 2458 1
183 2420 213 2459 so
232 2405 306 2458 atatt
323 2403 376 2459 dle.
448 2404 583 2461 ddaroin
600 2408 707 2461 sehent.
779 2409 795 2462 3
815 2406 1071 2478 underthtnigster.
