2858 5054
704 364 767 428 200

162 540 265 604 biores
288 539 366 605 facti
388 542 464 602 sunt
486 537 621 602 Romani
646 538 819 621 pontifices,
849 560 972 622 quoque
994 538 1145 623 majorem
1167 539 1313 606 fecerunt

163 645 311 728 injuriam
336 646 431 709 verbo
454 644 529 722 Dei,
559 645 640 726 quod
670 665 733 707 suae
763 643 942 727 tyrannidis
973 642 1194 708 confirmandae
1216 666 1313 710 causa

162 753 263 813 totum
281 752 549 827 contaminarunt,
565 770 602 813 eo
616 749 746 813 fuerunt
757 747 912 812 feliciores
924 748 1099 813 Turcarum
1110 770 1309 834 progressum

163 859 195 943 et
225 878 287 939 quo
316 856 418 938 maior
450 855 513 919 fuit
545 874 601 937 per
631 856 755 916 nostras
785 853 961 937 prouincias
984 852 1120 917 Romani
1149 854 1310 937 pontificis

163 960 342 1034 auctoritas,
367 981 403 1023 eo
428 960 560 1024 vicinior
583 960 674 1023 nobis
696 959 799 1023 factus
822 963 870 1023 est
885 959 996 1023 Turca.
1024 959 1186 1042 Quiffiij]
1202 964 1309 1024 trans-

163 1066 258 1129 misso
280 1065 408 1130 tandem
424 1065 631 1148 Hellesponto
654 1065 831 1147 penetravit
853 1065 888 1128 in
904 1063 1072 1148 Europam,
1097 1065 1226 1148 ejusque
1248 1064 1309 1130 loci

161 1171 342 1234 firmissimo
365 1174 457 1253 capto
480 1171 717 1254 propugnaculo
741 1174 843 1234 totum
866 1192 900 1234 se
922 1169 1013 1233 nobis
1034 1169 1100 1251 jam
1124 1170 1307 1235 insinuavit.

162 1277 221 1341 lllo
244 1277 345 1360 igitur
367 1281 509 1361 tempore
531 1277 640 1341 saevire
659 1277 756 1359 coepit
770 1276 804 1338 in
820 1298 892 1352 nos3
916 1279 949 1340 et
969 1275 1122 1339 hodierno
1144 1274 1204 1352 die,
1228 1295 1307 1358 quo-

161 1384 246 1446 niam
271 1404 408 1465 praesens
431 1404 466 1445 ac
488 1381 615 1465 insigne
635 1381 822 1446 beneficium
845 1381 904 1446 Dei
928 1403 991 1445 non
1015 1380 1225 1465 agnoscimus,
1253 1380 1310 1464 qui

161 1489 193 1551 in
219 1488 268 1551 bis
290 1489 391 1552 tantis
420 1488 556 1551 miseriis
588 1487 744 1572 evangelii
777 1487 827 1550 sui
850 1486 1026 1552 doctrinam
1049 1485 1141 1550 nobis
1164 1484 1309 1564 reddidit,

161 1592 301 1655 omnium
326 1592 540 1656 crudelissime
563 1591 784 1674 belligeratur,
816 1591 917 1654 etita
940 1591 1067 1673 quidem
1089 1589 1236 1665 feliciter,
1260 1592 1307 1668 ut,

161 1697 284 1779 quoties
308 1699 340 1761 in
364 1720 421 1762 nos
444 1697 616 1762 exercitum
632 1696 744 1777 educit,
768 1696 806 1759 de
822 1695 952 1760 victoria
963 1717 1061 1778 prope
1076 1694 1159 1759 nihil
1174 1694 1306 1758 dubitet.

161 1803 253 1868 Hanc
275 1808 380 1868 autem
403 1825 509 1867 rerum
533 1803 715 1866 vastitatem
738 1801 902 1886 profligari
925 1822 1016 1883 posse
1047 1800 1146 1864 credit
1176 1800 1248 1877 ille,
1280 1800 1309 1864 si

160 1910 277 1974 bellurn
302 1912 425 1974 nullum
448 1911 530 1973 esset
552 1908 634 1990 apud
657 1929 715 1971 nos
739 1907 838 1972 civile.
870 1905 931 1970 Sed
947 1928 1042 1990 quarn
1057 1927 1123 1969 rem
1143 1906 1306 1990 ingraues-

160 2018 260 2082 centis
283 2016 385 2080 morbi
408 2014 596 2078 medicinam
619 2035 685 2077 esse
713 2016 824 2095 putat,
856 1995 928 2076 haec'
945 2012 1015 2094 ipsa
1036 2032 1085 2074 res
1109 2012 1238 2075 morbus
1260 2014 1308 2075 est

160 2126 254 2205 atque
282 2120 430 2204 praesenti
464 2141 543 2202 opus
572 2119 669 2182 habet
699 2118 845 2182 remedio.
893 2116 954 2182 Hic
976 2117 1165 2181 obmutescit
1187 2121 1219 2181 et
1241 2117 1306 2182 dis·

160 2226 299 2299 simulat,
323 2247 423 2306 neque
440 2223 553 2288 vulnus
569 2223 698 2307 detegit,
722 2226 755 2286 εὴ
768 2222 979 2287 reconciliatis
994 2222 1175 2306 principum
1192 2222 1307 2286 animis

160 2331 266 2395 omnia
288 2330 349 2394 sibi
373 2349 523 2412 prospera
545 2327 721 2409 pollicetur,
745 2330 777 2390 et
799 2327 878 2391 illud
901 2327 935 2390 in
958 2327 1080 2410 primis,
1104 2327 1204 2411 quod,
1227 2349 1306 2411 quas

160 2436 227 2518 ipsa
249 2437 341 2499 vocat
362 2432 515 2511 haereses,
550 2455 602 2496 eas
631 2433 805 2498 arbitratur
835 2435 904 2496 turn
927 2432 1020 2497 facile
1041 2454 1133 2516 posse
1155 2432 1306 2497 radicitus

160 2541 260 2605 evelli.
307 2540 487 2604 Admodum
509 2540 643 2604 fecunda
665 2543 740 2603 sunt
762 2540 829 2604 haec
851 2540 938 2603 illius
960 2539 1065 2614 verba,
1090 2558 1191 2621 neque
1212 2535 1306 2600 facila

160 2650 263 2710 totum
286 2645 419 2728 exprimi
442 2650 563 2728 potest,
593 2645 676 2730 quod
699 2647 732 2709 in
757 2645 821 2709 illis
843 2646 965 2730 tegitur
987 2626 1175 2710 involutum.
1219 2641 1304 2706 Nam

159 2751 425 2816 existimationem
460 2751 521 2815 sibi
554 2754 647 2834 parat
679 2750 739 2816 hoc
771 2752 861 2834 ipso,
902 2749 992 2833 quasi
1026 2748 1186 2835 publicam
1219 2747 1306 2812 orbis

159 2857 296 2949 quietem
320 2856 435 2939 cupiat,
459 2857 550 2940 quasi
572 2856 741 2921 concilium
755 2859 860 2938 optet3
885 2852 1043 2939 principes
1059 2852 1164 2931 etiam,
1189 2851 1304 2938 quibus
1419 2926 1421 2930 ¹

159 2963 215 3027 illa
237 2962 373 3044 scripsit,
396 2961 524 3045 oblique
546 2960 800 3038 commonefacit,
830 2964 866 3024 ut
893 2960 926 3023 in
949 2981 1003 3035 ea,
1036 2980 1129 3043 qnam
1151 2958 1303 3022 hactenus

159 3067 360 3131 retinuerunt
381 3087 457 3150 erga
479 3067 602 3149 ipsum,
637 3066 800 3129 voluntate
828 3068 861 3128 et
888 3063 1108 3141 observantia,
1141 3063 1208 3127 sint
1229 3083 1306 3126 con·

159 3175 299 3246 stantes,
333 3192 434 3253 neque
465 3170 641 3234 doctrinam
669 3169 844 3252 admittant
864 3169 971 3245 illam,
1003 3191 1099 3253 quam
1121 3168 1205 3232 inter
1226 3166 1307 3232 alias

160 3276 244 3340 orbis
267 3276 463 3340 calamitates
487 3278 643 3351 recenset,
667 3297 703 3340 ac
725 3275 817 3340 facile
839 3279 960 3359 sperat,
984 3273 1122 3356 adeoque
1144 3271 1306 3355 promittit

159 3380 295 3463 opprimi
318 3402 408 3464 posse
431 3383 541 3455 totam,
565 3380 742 3462 conjunctis
764 3402 874 3464 regum
891 3380 1010 3444 viribus
1027 3383 1058 3442 et
1078 3379 1082 3459 Ι
1102 3378 1207 3442 armis.
1242 3375 1307 3442 De·

159 3485 248 3561 inde,
272 3485 347 3547 dum
369 3484 414 3547 sic
439 3485 478 3549 ad
501 3485 767 3566 perseverantiam
791 3507 842 3549 eos
866 3487 1030 3562 hortatur,
1063 3483 1120 3547 alit
1142 3481 1306 3559 factiones,

159 3590 250 3653 etad
274 3590 425 3673 majorem
448 3589 653 3653 acerbitatem
676 3590 854 3655 inflammat
876 3590 1008 3666 animos,
1031 3592 1064 3652 et
1086 3591 1237 3671 tanquam
1257 3586 1306 3650 di-

159 3694 226 3777 gito
250 3693 384 3771 iudicat,
418 3693 451 3757 in
475 3693 514 3756 iis
537 3694 673 3757 comitiis
697 3698 728 3758 et
751 3695 990 3777 quibuscunque
1012 3693 1084 3758 aliis
1105 3692 1307 3758 tractandum

159 3819 224 3861 esse
248 3799 285 3861 de
309 3798 409 3862 causis
432 3801 558 3861 tanturn
584 3799 737 3877 civilibus,
763 3801 795 3862 et
817 3797 981 3877 religionis
1004 3799 1167 3884 negotium
1195 3797 1307 3862 debere

159 3902 198 3964 ad
214 3902 381 3965 concilium
397 3902 559 3984 publicum
570 3903 665 3984 rejici.
692 3902 781 3980 Quod
793 3902 885 3966 facile
897 3903 998 3985 possit
1008 3903 1078 3987 cogi
1090 3904 1198 3968 sedato
1213 3900 1306 3978 bello,

159 4008 246 4090 cujus
262 4007 523 4090 pacificationem,
548 4008 623 4090 quia
639 4006 859 4071 difficillimam
875 4009 908 4069 et
922 4027 1018 4090 supra
1032 4008 1160 4072 modum
1176 4007 1306 4073 arduam

158 4133 225 4175 esse
237 4113 331 4185 videt,
345 4111 415 4175 ideo
425 4112 642 4177 vehementius
654 4116 755 4196 urget,
772 4115 816 4184 ut,
834 4133 1020 4195 quocunque
1031 4111 1124 4176 modo
1139 4133 1188 4174 res
1205 4111 1305 4187 cadat,

158 4237 216 4297 pro
227 4216 389 4297 republica
403 4217 513 4281 fecisse
524 4216 645 4300 aliquid
655 4217 807 4282 videatur.
831 4217 924 4296 Quid,
941 4240 980 4281 an
997 4216 1098 4281 ullum
1112 4216 1166 4281 hic
1176 4218 1306 4299 apparet

158 4319 344 4404 penitentis
359 4321 459 4386 animi
475 4323 671 4410 vestigium?
693 4344 735 4388 an
749 4320 817 4386 ulla
832 4344 902 4407 spes
913 4321 1141 4386 emendationis
1152 4320 1306 4406 affulget?
