2858 5054
681 353 741 415 176

133 521 198 600 fiet,
223 543 317 605 quom
342 521 405 584 vim
427 521 543 586 habeat
567 526 599 585 et
630 522 785 604 quomodo
816 522 1024 608 constringat.
1071 523 1132 590 Sed
1166 525 1290 591 intereo

134 627 206 691 dum
231 627 291 690 hoc
313 627 440 711 egitur,
475 626 658 709 deponenda
679 628 727 689 en
749 648 803 704 ea,
836 647 906 710 quae
938 629 1021 709 opud
1052 651 1109 693 noe
1132 630 1288 696 hactenus

132 732 289 818 regnavit,
312 731 482 814 persuasio,
506 730 742 795 sanctissimum
765 731 885 794 scilicet
907 731 998 794 illum
1014 754 1081 796 esse
1095 738 1231 816 petrem,
1256 740 1288 799 et

134 837 210 920 quid
234 838 320 900 non?
367 835 452 912 Haeo,
476 835 625 916 inquom,
649 834 830 916 praejndicia
852 840 885 898 et
908 836 1073 920 privilegia
1095 841 1128 901 et
1150 838 1286 902 fastuosi

132 942 221 1005 tituli
245 945 320 1005 sunt
343 940 549 1023 eliquonsque
572 940 755 1024 relegandi,
790 945 821 1002 et
849 940 1100 1024 inspiciendum,
1135 963 1200 1006 non
1231 943 1287 1025 qui

133 1047 176 1111 eit
199 1046 352 1110 hodierno
384 1044 451 1123 die,
484 1044 554 1118 sed,
573 1045 643 1126 quis
672 1044 749 1107 olim
779 1044 877 1108 fuerit
905 1049 937 1108 et
965 1045 1036 1128 quis
1066 1066 1133 1108 esse
1163 1045 1284 1110 debeat.

133 1149 316 1234 Optandum
341 1154 422 1213 esset
445 1151 519 1212 ante
541 1148 659 1227 omnia,
682 1149 890 1231 questionem
912 1149 994 1213 hano
1016 1171 1081 1213 non
1103 1154 1212 1215 extare
1230 1172 1288 1215 nec

134 1255 168 1317 in
192 1255 436 1318 controversiam
462 1252 577 1318 venire.
1238 1316 1242 1324 ,

133 1357 192 1422 Sed
217 1358 297 1422 idem
323 1379 451 1443 prorsus
474 1358 589 1422 accidit
614 1357 724 1435 nobie,
756 1358 839 1440 quod
863 1356 954 1421 Plato
977 1358 1039 1422 sibi
1061 1359 1138 1423 dicit
1161 1361 1286 1424 evenire

137 1463 310 1545 multisque
333 1463 414 1540 aliie,
440 1484 511 1526 cum
532 1467 581 1526 est
596 1463 886 1539 demonstrandum,
910 1483 976 1526 esse
990 1463 1074 1540 deos,
1098 1464 1155 1546 qui
1178 1486 1284 1529 curem
1308 1473 1315 1487 ⁴

134 1567 255 1631 hubent
277 1588 382 1630 rerum
405 1566 627 1643 humanorum,
652 1565 707 1649 qui
730 1567 860 1648 proemia
882 1566 980 1650 digna
1002 1567 1138 1631 reddunt
1158 1569 1230 1653 piie,
1254 1574 1285 1634 ct

135 1672 303 1737 scelerosos
336 1671 474 1735 etiamn
503 1675 604 1735 morte
632 1671 780 1754 puniunt.
826 1669 898 1736 Nisi
933 1672 1132 1755 complures,
1169 1673 1285 1757 inquit,

135 1778 292 1853 docerent,
316 1775 421 1839 nullos
444 1796 510 1840 esse
533 1776 615 1852 deos,
637 1775 731 1839 facile
746 1775 991 1859 disputationem
1007 1775 1089 1840 hano
1101 1777 1283 1842 vitaremus.

135 1882 229 1947 Nunc
252 1902 344 1957 vero,
378 1881 504 1963 quando
540 1901 603 1943 non
636 1884 784 1944 verentur
814 1880 997 1963 opinionem
1027 1881 1109 1946 hono
1140 1883 1283 1965 profiteri

135 1989 240 2073 polam
264 1989 297 2050 et
319 1987 388 2069 ipse
410 2007 534 2068 quoque
552 1985 623 2048 ¹ritu
652 1985 855 2067 moribusque
885 1985 1016 2065 testari,
1050 2006 1114 2049 non
1145 2009 1283 2070 possum,

135 2114 205 2176 quae
227 2112 297 2155 mea
319 2090 362 2153 sit
393 2090 580 2174 senltentie,
613 2089 829 2166 dissimulare,
861 2089 1000 2171 alioqui,
1035 2090 1061 2152 si
1084 2089 1123 2154 de
1144 2089 1213 2155 Deo
1235 2091 1285 2174 pic

135 2198 292 2263 sentirent
314 2216 439 2272 omnen,
465 2199 500 2258 ut
523 2195 625 2272 decet,
660 2217 725 2258 non
749 2195 869 2259 veniret
891 2195 924 2258 in
947 2199 1086 2260 mentem
1109 2195 1188 2273 ulli,
1221 2195 1283 2259 dis·

702 2315 720 2353 e

135 2407 194 2470 wie
217 2429 250 2470 er
273 2392 454 2470 autilromen
477 2404 542 2481 eei,
578 2403 690 2467 danaus
718 2402 802 2466 denn
832 2402 967 2468 klnrlieh
991 2404 1200 2489 entepringen
1222 2406 1284 2470 und

135 2532 176 2573 nn
201 2514 256 2594 tog
279 2510 393 2572 lronren
417 2509 500 2584 wirt,
525 2508 583 2571 wie
605 2529 639 2570 er
662 2507 779 2572 binden
795 2508 869 2571 oder
885 2510 935 2572 nit
950 2509 1068 2573 hinden
1084 2516 1166 2593 mog.
1200 2508 1283 2573 Aber

136 2635 167 2677 es
191 2614 236 2677 sol
259 2611 295 2677 Ε.
320 2614 364 2679 Μ.
389 2613 422 2676 in
446 2612 553 2676 mitler
575 2612 645 2690 neit,
670 2613 757 2676 dison
782 2612 890 2690 wohn,
914 2614 1070 2691 niimlich,
1095 2615 1282 2678 desendet

135 2717 266 2803 heiligst
290 2723 377 2782 vater
399 2722 519 2803 genunt
541 2718 605 2782 und
629 2718 778 2802 gehalten
801 2718 891 2796 wirt,
915 2739 963 2782 wo
987 2718 1037 2782 nit
1058 2740 1117 2803 gor
1139 2717 1280 2803 ablegen,

134 2826 205 2887 zum
227 2824 400 2908 wenigsten
424 2823 676 2899 auffeohlirtzen,
712 2822 777 2886 und
804 2822 924 2888 hinden
953 2813 1078 2902 setzen,
1115 2825 1195 2890 auch
1230 2824 1281 2888 be-

136 2927 293 3005 denolren,
328 2928 377 2991 nit
401 2928 458 2992 wie
481 2927 662 2992 es.ietzund
685 2928 736 2991 ein
760 2927 878 3012 gestalt
900 2929 961 2993 mit
982 2929 1027 2992 im
1057 2929 1134 3007 het,
1169 2929 1281 2993 sonder

135 3031 194 3094 wie
216 3053 248 3094 ee
272 3032 455 3115 onfenglioh
479 3053 622 3116 gewcsen
645 3032 697 3110 ist,
721 3033 786 3095 und
809 3032 919 3098 billich
942 3033 1009 3096 sein
1033 3033 1105 3096 solt.
1138 3031 1181 3096 m
1204 3052 1282 3097 were

136 3133 281 3198 hoohliolr
306 3140 343 3200 nt
366 3135 544 3213 wlinechen,
569 3136 623 3200 des
647 3158 719 3199 man
744 3136 827 3200 diser
850 3136 1045 3220 disputetion
1069 3137 1177 3202 mtcht
1190 3133 1281 3203 uber-

136 3237 239 3301 heben
262 3238 340 3302 sein.

223 3343 265 3407 Es
288 3342 383 3428 gehet
404 3343 479 3407 aber
503 3344 612 3422 demit,
636 3345 695 3408 wie
718 3345 772 3409 der
791 3346 884 3410 Plato
908 3353 990 3432 sogt,
1014 3347 1108 3410 decr
1131 3346 1283 3413 beweisen

136 3451 222 3512 milet
244 3448 299 3511 dos
323 3447 385 3512 Gor
408 3449 495 3526 sind,
530 3451 594 3512 unrl
627 3450 682 3529 des
714 3451 760 3515 sie
790 3452 855 3515 sich
880 3450 1109 3515 mensohlicher
1127 3452 1206 3536 ding
1229 3475 1283 3516 nn·

136 3575 269 3632 nemen,
303 3553 382 3617 auch
410 3555 460 3617 die
492 3553 669 3618 boshefften
693 3555 775 3619 noch
799 3556 897 3619 dieem
923 3557 1014 3619 leben
1037 3556 1177 3620 streffen.
1225 3555 1283 3620 Wo

135 3658 185 3721 nit
207 3659 322 3722 etliohe
346 3660 389 3723 vil
412 3660 555 3724 verkerte
578 3661 659 3723 lerer
682 3683 802 3739 weren,
837 3665 910 3745 sogt
938 3683 992 3737 er,
1028 3660 1078 3723 die
1107 3661 1283 3744 obgemelte

136 3763 289 3846 meinung
312 3763 425 3840 haben,
451 3748 605 3841 ntimlich,
624 3786 656 3828 es
679 3765 764 3828 seien
786 3765 880 3829 keine
904 3765 1013 3842 Gon,
1038 3786 1073 3830 eo
1097 3787 1178 3829 were
1202 3766 1283 3830 diser

136 3867 330 3949 disputation
355 3888 412 3951 gar
435 3869 485 3932 nit
502 3890 562 3932 von
588 3872 695 3946 noten,
720 3867 822 3932 Dweil
845 3890 878 3933 es
901 3870 975 3933 eber
998 3870 1212 3954 ausgebreitet
1233 3870 1283 3945 ist,

135 3972 201 4034 und
224 3970 267 4034 vil
291 3973 345 4035 der
368 3973 521 4058 meinung
553 3973 645 4051 sind,
680 3974 727 4037 sol
756 3974 822 4038 und
843 3974 908 4039 ken
930 3975 998 4039 ielis
1021 3975 1071 4040 nit
1094 3974 1283 4058 umbgelren,

135 4079 224 4140 eonst
248 4098 296 4141 wo
324 4097 357 4140 es
385 4078 474 4142 recht
504 4078 659 4162 zugieng,
695 4077 742 4140 sol
777 4099 852 4142 man
885 4077 952 4142 dise
982 4079 1055 4142 rede
1083 4098 1142 4163 gor
1172 4078 1223 4141 nit
1251 4077 1282 4140 in

136 4181 254 4244 zweiiel
277 4185 391 4245 netzen.
426 4181 467 4247 Ja
488 4205 520 4246 es
543 4184 591 4247 sol
615 4182 820 4268 niemandnin
843 4183 914 4246 sinn
941 4183 1099 4259 kommen,
1123 4182 1224 4246 davon
1247 4183 1284 4243 21⁰1
1304 4165 1309 4178 ’

135 4284 240 4348 reden.
286 4285 363 4350 Also
386 4287 479 4371 gehts
511 4287 588 4352 euch
622 4288 691 4351 ietz.
738 4287 801 4352 Wo
833 4288 884 4352 die
907 4287 1008 4371 Bttpet
1038 4289 1089 4350 nit
1117 4287 1178 4350 elle
1209 4286 1284 4368 ding

136 4383 315 4483 verwiretet,
338 4392 403 4454 und
426 4415 467 4457 an
490 4393 558 4459 sich
579 4393 738 4480 geriesen,
762 4394 876 4458 eonder
899 4415 991 4458 wenn
1015 4392 1060 4456 sie
1084 4392 1145 4456 ires
1169 4389 1282 4474 Ampts
