2858 5054
684 341 743 403 124

134 511 235 576 aDeo
258 511 369 588 vetuit,
393 510 476 594 quod
500 509 607 574 nullus
630 531 769 592 unquam
792 508 868 572 fecit
890 512 1056 594 tyrannus,
1079 510 1286 595 quantumvis

132 615 325 680 inhumanus
339 619 370 680 et
385 618 493 689 atrox3
518 615 583 697 qui,
599 617 671 696 post
687 613 821 676 vetitum
838 613 1087 692 matrimonium,
1110 614 1285 679 fenestram

133 721 257 804 aperuit
278 724 310 785 et
333 720 417 782 viam
442 719 590 802 patefecit
612 719 651 783 ad
673 741 767 782 omne
790 740 890 803 genus
914 718 1096 796 libidinum,
1120 721 1235 802 quibus
1252 724 1285 784 et

133 827 209 909 ipse,
234 829 387 908 tauquam
408 829 516 888 auctor
539 823 633 906 hujus
657 827 722 887 tam
745 822 873 886 nefariae
890 823 979 907 legis,
1002 824 1177 888 concitatus
1193 824 1286 888 furiis

133 930 321 1005 ultricibuS,
356 928 497 993 omnium
531 928 732 1012 spurcissime
759 927 826 992 fere
859 929 1092 994 contaminatus
1127 933 1191 1005 est3
1229 930 1285 1013 qni

132 1059 227 1115 nnnc,
250 1039 454 1119 posteaquam
478 1035 618 1098 detectus
635 1037 692 1111 est,
717 1037 752 1097 ut
768 1033 929 1117 apostolus
945 1033 1182 1116 praenuntiavit,
1208 1034 1286 1098 totis

133 1141 255 1206 viribus
270 1143 435 1223 oppugnat
450 1140 634 1215 veritatem
659 1138 712 1222 qui
728 1143 881 1221 tanquam
897 1139 977 1203 alter
994 1137 1286 1203 Nabuchodonosor

135 1266 260 1322 omnes,
286 1249 442 1329 quotquot
464 1249 602 1309 statuam
625 1246 691 1329 ejus
715 1266 779 1308 non
803 1245 944 1322 adorant,
968 1246 1000 1308 et
1022 1244 1136 1327 ipsum,
1160 1249 1196 1308 ut
1219 1248 1283 1308 ter·

133 1364 245 1415 renum
279 1374 415 1429 numen,
450 1374 604 1416 summam
639 1351 838 1415 obtinentem
869 1350 903 1414 in
937 1350 1059 1414 animas
1092 1352 1124 1412 et
1153 1371 1286 1434 corpora

134 1459 244 1520 nostra
264 1459 462 1539 potestatem,
487 1479 551 1521 non
575 1460 758 1521 reverentur
782 1461 813 1519 et
836 1457 955 1533 colunt,
979 1455 1193 1519 crudelissime
1212 1477 1285 1538 per-

135 1561 290 1644 sequitur3
325 1562 378 1644 qui
410 1584 476 1647 prae
498 1563 609 1628 ceteris
632 1562 758 1645 populis
789 1561 991 1625 Germaniam
1013 1582 1077 1624 non
1100 1559 1197 1623 semel
1220 1559 1284 1623 cir-

136 1667 304 1746 cumvenit,
328 1668 401 1732 risit
423 1672 454 1732 et
477 1669 589 1751 opibus
613 1665 784 1753 ethausit3
809 1668 874 1751 qui,
898 1667 1025 1731 tametsi
1041 1666 1160 1732 videta
1182 1664 1284 1748 pluri-

135 1772 196 1837 mis
215 1773 283 1857 jam
312 1794 345 1836 se
375 1772 562 1837 destitutum
593 1794 680 1850 esse,
713 1772 788 1836 licet
818 1772 980 1856 intelligat
1013 1771 1130 1834 multos
1160 1769 1199 1833 ad
1230 1769 1284 1833 de-

135 1877 304 1942 fectionem
327 1881 477 1963 spectare,
502 1899 684 1962 quanquam
700 1900 762 1942 non
780 1877 916 1961 ignorat,
939 1875 1093 1958 paulatim
1109 1874 1283 1938 abalienari

135 1982 321 2066 plerosque,
352 2005 477 2047 securus
500 1987 608 2047 tamen
631 1982 793 2065 persistit,
828 1986 861 2045 et
884 1981 975 2064 quasi
1000 1980 1123 2043 nullum
1145 1982 1228 2042 esset
1251 1980 1285 2041 in

135 2087 234 2170 ipsius
256 2087 322 2152 vita
343 2087 517 2171 flagitium,
553 2108 616 2149 non
649 2086 768 2168 praebet
790 2085 892 2148 ullum
915 2084 1112 2168 poenitentia
1135 2083 1285 2166 signum3

4 2230 8 2241 ·
135 2191 204 2268 his,
239 2191 384 2274 inquam,
417 2192 578 2255 decausis
602 2191 789 2254 deserendus
813 2194 881 2267 est,
917 2212 953 2253 ac
976 2189 1162 2274 fugiendum
1185 2186 1226 2250 ab
1250 2209 1286 2250 eo

137 2299 291 2379 tanquam
313 2296 353 2360 ab
375 2297 517 2360 omnium
540 2296 724 2360 mortalium
756 2295 958 2378 nequissimo.
1004 2292 1055 2358 Sic
1085 2292 1216 2357 meritus
1239 2296 1287 2355 est

137 2401 225 2486 ipse,
258 2401 304 2464 sic
326 2400 426 2484 ipsius
449 2401 600 2484 majores,
633 2400 800 2479 danobis,
837 2404 874 2464 ut
896 2400 992 2465 liceat
1023 2398 1062 2462 ab
1085 2418 1122 2462 eo
1146 2418 1286 2481 quacun·

138 2525 199 2588 que
220 2503 349 2569 tandem
371 2505 493 2570 ratione
516 2527 719 2588 recuperare,
754 2527 824 2589 quae
846 2505 988 2589 pervim
1011 2508 1043 2567 et
1066 2502 1173 2566 dolum
1195 2502 1287 2566 nobis

137 2607 264 2673 ademit.
321 2608 414 2674 Sedet
447 2611 610 2689 intentus,
649 2614 681 2675 et
714 2611 895 2695 speculatur
929 2631 1055 2675 omnem
1091 2608 1286 2672 occasionem

63 2782 66 2793 y
137 2715 351 2780 concutienda
374 2715 559 2781 Germania.
606 2715 687 2792 Quia
709 2720 864 2800 tyrannus
897 2718 965 2792 est,
1001 2713 1158 2777 neminem
1191 2715 1285 2791 amat,

93 2901 95 2906 .
139 2817 207 2882 odit
237 2841 365 2896 omnes,
399 2825 431 2885 et
463 2821 530 2884 odit
552 2844 572 2886 a
593 2821 703 2886 multis
729 2822 742 2904 j
825 2820 964 2897 saeculis,
999 2823 1031 2883 et
1061 2841 1123 2902 quo
1154 2817 1287 2901 quisque

137 2924 380 3008 potentioroest,
403 2927 462 2991 hoc
485 2927 701 3023 vehementius
724 2949 796 2992 enm
819 2927 907 3003 cdit3

704 3097 723 3140 ²t‘

139 3237 298 3319 erinnem,
322 3242 501 3305 dermassen
524 3262 695 3325 erzeygen,
726 3241 780 3306 das
803 3240 1007 3325 demjhenen,
1042 3239 1097 3302 der
1119 3237 1195 3301 alles
1218 3258 1287 3300 ver-

139 3343 235 3429 giftet
257 3345 322 3409 und
345 3345 491 3410 verderbt
512 3345 602 3424 hatt,
632 3346 691 3410 wie
714 3346 765 3411 die
787 3345 901 3411 schrift
924 3349 1014 3430 sagt,
1045 3344 1099 3407 der
1122 3342 1184 3407 alle
1206 3339 1287 3404 hoff-

139 3471 229 3535 nung
251 3451 382 3537 epniger
403 3451 577 3537 besserung
599 3451 814 3529 abschneidet,
838 3451 892 3515 der
916 3450 1027 3515 anders
1051 3449 1101 3512 nit
1124 3448 1190 3512 sein
1212 3446 1286 3522 kan,

139 3555 225 3620 dann
248 3556 309 3620 wie
331 3578 364 3620 er
387 3557 439 3634 ist,
463 3556 518 3621 der
540 3556 573 3620 in
597 3556 706 3634 disem,
730 3579 791 3621 von
813 3555 858 3618 im
873 3555 1077 3640 adgerichten
1088 3554 1200 3637 jamer,
1224 3550 1287 3614 und

139 3682 314 3746 gemeynen
346 3661 467 3740 ellend,
502 3659 609 3724 nichts
640 3662 770 3738 andern,
804 3659 889 3723 dann
912 3681 1006 3724 unser
1029 3657 1202 3721 verderben
1224 3653 1289 3719 und

140 3765 320 3831 endtlichen
343 3765 530 3850 undergang
553 3765 697 3850 begeret,
730 3786 771 3828 an
803 3763 904 3828 seiner
935 3761 1092 3846 hoffnung
1114 3761 1179 3824 und
1202 3759 1289 3824 bltt·

139 3871 275 3957 girigem
305 3870 371 3934 lust
401 3869 489 3934 falen
512 3870 615 3934 wirdt.
660 3869 723 3947 Er,
756 3868 821 3932 und
852 3868 938 3932 seine
968 3867 1134 3943 vorfaren,
1168 3864 1289 3928 habens

140 3976 216 4041 umb
239 3998 315 4054 uns,
348 3976 413 4040 und
437 3998 548 4041 unsere
569 3974 689 4040 Nation
715 3974 896 4038 dermassen
918 3973 1099 4053 verdienet,
1127 3970 1183 4034 das
1215 3991 1289 4032 man

139 4081 269 4146 billiche
291 4082 356 4144 und
379 4080 469 4144 mehr
492 4082 576 4145 dann
600 4082 778 4164 gndgsame
809 4077 922 4142 ursach
953 4078 1028 4154 hat,
1062 4077 1107 4138 im
1137 4074 1197 4138 mit
1219 4072 1289 4137 auf-

140 4186 310 4270 richtigern
333 4184 439 4270 krieg,
471 4185 547 4250 oder
577 4187 685 4260 sonst,
719 4183 892 4248 widerumb
915 4181 1147 4264 abaddringen,
1178 4178 1232 4240 das
1256 4199 1290 4240 er

141 4311 202 4356 uns
224 4290 285 4355 mit
307 4289 509 4355 lasterlichen
533 4288 716 4374 practichen
740 4292 894 4373 entzogen
916 4287 982 4352 hat.
