2858 5054
696 322 738 382 94

138 488 319 556 Bonifaoius
348 497 474 571 autem,
508 515 646 576 quanam
680 492 731 555 via
754 492 899 575 pervenit
922 494 955 556 in
979 494 1085 559 ovile?
1128 494 1211 561 Sane
1234 520 1287 582 per

136 596 205 660 loca
228 597 332 673 devia,
361 619 417 681 per
440 597 601 661 anfractus
625 601 657 660 et
680 596 817 660 lacunae.
862 596 929 662 Nec
953 599 1036 662 enim
1063 601 1095 663 in
1119 603 1207 666 ovile.
1226 604 1288 668 fuit

137 701 308 785 ingressus,
331 723 440 766 verum
456 703 489 791 in
505 703 686 784 speluncam
703 707 736 764 et
752 699 885 787 asyllum
901 703 1094 767 nefariorum
1111 705 1285 786 hominum,

117 805 170 868 in
192 805 271 868 illud
294 806 398 888 ipsum
422 809 565 883 antrum,
599 807 632 869 in
664 827 726 889 quo
749 806 876 870 tandem
900 828 1066 891 oppressus
1088 810 1128 873 ab
1151 811 1287 875 Hercule

137 908 235 973 Cacus
259 901 476 974 incredibilem
500 910 612 975 vicinis
635 909 755 974 circum
771 911 897 992 populis
913 913 1024 988 attulit
1039 913 1194 978 laetitiam.
1226 915 1286 980 At-

136 1018 260 1091 tamen,
282 1016 354 1098 quis
377 1014 440 1078 fuit
463 1015 550 1079 illius
573 1016 611 1079 ad
636 1015 695 1078 hoc
717 1036 771 1077 seu
794 1015 877 1079 ovile
899 1036 954 1079 seu
977 1023 1104 1080 antrum
1127 1019 1232 1082 aditus
1256 1024 1286 1083 et

137 1121 321 1205 ingressus?
351 1118 439 1183 Num
454 1120 527 1184 vitae
542 1119 753 1184 sanctimonia
776 1123 808 1183 et
830 1121 1006 1185 eruditione
1030 1127 1062 1186 et
1083 1123 1202 1188 virtute
1226 1125 1285 1187 ali-

136 1248 199 1308 qua
221 1224 388 1289 excellenti
411 1227 465 1287 aut
488 1225 639 1290 electione
662 1225 783 1288 sincera
805 1225 987 1289 conscendit
1010 1227 1048 1289 ad
1069 1249 1140 1290 eum
1156 1228 1286 1292 honoris

136 1331 293 1415 gradum?
317 1351 357 1392 an
381 1328 500 1392 invitus
523 1350 559 1392 eo
581 1333 757 1411 pertractus
780 1332 837 1406 est,
861 1333 897 1392 ut
919 1322 1046 1413 quidam
1063 1331 1197 1395 aliarum
1212 1355 1285 1415 pro-

136 1434 312 1498 vinciarum
333 1433 493 1517 episcopi,
516 1433 576 1497 viri
600 1434 727 1497 sancti?
772 1432 923 1510 Minime,
958 1435 1011 1498 sed
1034 1434 1146 1498 fraude
1169 1441 1201 1500 et
1224 1437 1285 1500 cir·
1348 1511 1351 1517 ¹

137 1539 357 1626 cumventione
379 1538 462 1601 viam
485 1537 546 1601 sibi
567 1537 726 1620 patefecit.
773 1537 901 1602 Certum
925 1539 985 1603 hoc
1007 1543 1070 1615 est,
1106 1561 1206 1622 neque
1230 1563 1284 1605 ne-

136 1645 206 1731 gari
230 1647 343 1726 potest.
389 1643 431 1706 Et
453 1664 549 1726 quam
572 1647 640 1707 erat
660 1642 780 1706 foedum
809 1642 954 1721 initium,
987 1647 1053 1707 tam
1076 1666 1201 1727 quoque
1222 1645 1285 1709 fuit

136 1751 240 1835 turpis
256 1749 500 1825 administratio,
524 1748 686 1831 superbus
711 1747 965 1826 contumeliosus
989 1749 1209 1829 intolerabilis,
1234 1771 1284 1814 re·

136 1877 214 1941 gum
236 1858 269 1919 et
291 1855 517 1938 imperatorum
540 1858 711 1937 perpetuus
733 1853 851 1932 hostis,
883 1853 970 1936 cujus
998 1858 1031 1917 et
1053 1855 1284 1939 ignominiosus

64 2042 67 2047 Ι
103 2007 104 2010 ¹
136 1962 200 2025 fuit
222 1959 379 2025 interitus.

224 2065 286 2129 Hic
318 2069 385 2128 tam
419 2085 483 2128 non
517 2063 719 2147 poenitendus
752 2064 862 2146 patriae
893 2067 984 2147 pater
1015 2065 1171 2128 decretum
1204 2064 1281 2127 illud

138 2171 298 2246 sollemne,
322 2167 410 2250 cujus
429 2170 523 2251 antea
538 2167 749 2243 meminimus,
773 2167 923 2251 praecepit
945 2168 1092 2231 omnibus
1115 2168 1283 2231 observan-

702 2287 720 2325 a

224 2378 296 2442 Wie
330 2376 373 2440 ist
400 2375 475 2440 aber
497 2374 680 2439 Bonifacius
713 2376 747 2439 in
770 2375 934 2441 schafstall
957 2377 1094 2440 komen?
1139 2374 1199 2439 Nit
1222 2377 1283 2440 den

135 2483 263 2549 rechten
286 2502 375 2565 weg,
410 2482 493 2544 denn
526 2501 558 2544 es
589 2480 631 2543 ist
660 2480 740 2544 auch
770 2481 853 2564 heyn
876 2481 1059 2558 schelstall,
1095 2480 1208 2545 sonder
1232 2482 1283 2545 ein

134 2588 259 2654 morder
280 2586 373 2671 grdb,
396 2584 482 2648 Aber
505 2585 648 2649 dennoch
672 2586 731 2650 wie
752 2586 796 2650 ist
811 2608 844 2650 er
859 2587 956 2652 hinad
972 2587 1142 2650 kommen?
1173 2585 1283 2651 Durch

134 2694 273 2778 tegent?
296 2691 394 2755 durch
417 2691 503 2754 seins
525 2693 614 2755 lere?
638 2691 736 2755 durch
760 2691 811 2756 ein
831 2692 922 2755 erbar
938 2690 1152 2777 gotaforehtig
1168 2690 1285 2753 leben?

134 2798 233 2864 durch
255 2797 363 2862 rechte
384 2795 606 2879 onpartisohe¹
640 2798 745 2860 wahl?
781 2797 837 2861 hat
866 2820 957 2861 mans
990 2798 1032 2860 im
1065 2790 1190 2859 mrissen
1225 2817 1282 2858 an-

134 2885 283 2987 tringen,
315 2901 374 2965 wie
407 2901 543 2965 etlichen
573 2901 693 2965 andern
723 2901 847 2966 fromen
870 2901 1039 2966 Birchdfen
1068 2923 1124 2966 vor
1156 2900 1282 2963 zeiten?

135 3007 199 3072 Gar
222 3004 305 3070 nit².
352 3005 424 3069 Wie
454 3006 564 3068 deun?
596 3006 694 3070 durch
724 3007 869 3070 zauberei
899 3009 964 3072 und
989 3005 1213 3070 Necromancei
1241 3004 1283 3068 ist

133 3134 167 3176 er
189 3113 284 3176 darell
307 3111 438 3186 komen,
469 3111 522 3173 das
547 3111 590 3173 ist
612 3110 680 3174 sein
703 3111 858 3195 eingang,
890 3113 955 3175 und
978 3112 1023 3175 ist
1044 3109 1282 3174 onverneinlich

134 3240 209 3283 war.
248 3216 320 3280 Wie
341 3214 399 3278 hat
421 3237 454 3278 er
477 3215 552 3278 aber
575 3216 626 3279 ein
649 3216 739 3280 leben
764 3213 911 3301 geliiret?
939 3215 1057 3296 scona,
1083 3211 1281 3299 hochmiitig,

134 3326 265 3397 ontrew,
287 3320 404 3402 trdtuig
426 3341 527 3404 gagen
551 3321 730 3404 yederman,
759 3321 838 3386 auch
861 3343 962 3406 gegen
986 3322 1072 3384 seine
1095 3315 1281 3397 mitbrfider,

134 3427 184 3492 die
206 3426 364 3502 Cardindl,
388 3446 489 3509 gagen
513 3425 625 3490 Keiser
647 3427 711 3489 und
728 3426 845 3510 Konig,
871 3429 935 3491 und
958 3425 1147 3501 dermassen,
1171 3425 1282 3487 deser

133 3532 212 3598 auch
235 3553 291 3596 vor
313 3552 454 3616 grossem
477 3532 584 3595 onlust
612 3531 677 3593 und
708 3532 838 3616 rachgir
867 3533 1058 3616 gestorben,
1090 3530 1213 3594 dieweil
1248 3553 1282 3593 er

101 3628 104 3633 ¹
132 3638 199 3704 sich
223 3659 325 3723 gegen
346 3637 417 3700 dem
440 3635 548 3721 Konig
570 3637 630 3701 aull
655 3636 883 3715 Franchreieh,
917 3659 978 3700 von
1011 3637 1081 3699 dem
1112 3658 1145 3698 er
1168 3656 1280 3698 onver·

133 3742 297 3808 sehenlich
320 3743 373 3804 des
403 3741 514 3806 nachts
547 3744 608 3804 aull
639 3741 710 3805 dem
742 3742 857 3806 schlaff
885 3741 1063 3826 gewecket,
1099 3739 1281 3824 gefenglich

132 3849 261 3930 hinweg
284 3841 407 3930 gefiiret
429 3849 493 3917 und
517 3846 665 3930 gehalten
694 3847 788 3923 ward,
812 3847 862 3909 nit
885 3847 997 3910 rechen
1022 3845 1137 3910 mocht.

133 3950 224 4014 Diser
247 3950 381 4034 heiliger
404 3949 503 4014 Vater
526 3949 582 4013 hat
604 3950 766 4034 obgenant
790 3950 883 4014 Edict
913 3952 1074 4034 gemacht,
1109 3949 1174 4012 und
1206 3948 1281 4011 wie-

132 4057 194 4119 wol
216 4056 319 4119 seiner
340 4055 485 4120 vorfaren
509 4056 623 4120 etliche
640 4056 684 4118 vil
700 4056 797 4120 dahin
813 4055 1009 4140 getraohtet,
1026 4055 1105 4119 auch
1122 4057 1280 4138 gndgsam

133 4159 231 4223 durch
254 4159 300 4223 ire
323 4159 478 4225 Decreten
500 4164 539 4225 zd
561 4160 727 4224 verstehen
750 4162 861 4245 geben,
886 4162 940 4225 das
963 4183 995 4224 es
1019 4161 1091 4243 [61]
1116 4159 1182 4222 dise
1202 4159 1280 4222 mei·
1333 4167 1337 4173 ‘

161 4442 164 4451 ,
206 4386 439 4456 lonparteisch'e.
512 4386 595 4441 2Ich
612 4385 689 4441 halts
707 4386 751 4441 nit
769 4388 842 4441 statt
861 4386 894 4441 G.
913 4405 940 4441 n.
