2858 5054
629 347 733 406 ·21

139 518 351 584 ecclesiastici.
397 517 485 593 Quod
517 518 659 600 plerique
693 521 810 602 putant
839 519 909 583 ideo
942 519 1039 584 fuisse
1069 520 1287 597 constitutum,
1354 538 1357 542 ’

138 629 176 688 ut
197 625 232 687 in
254 646 288 687 re
311 628 377 688 tam
401 624 491 708 gravi
521 628 553 687 et
576 625 673 687 ardua
695 624 809 705 reliqui
832 624 991 707 principes
1015 624 1168 688 haberent
1189 625 1289 690 socios

140 735 173 793 et
195 729 352 814 collegas,
387 730 471 793 viros
506 729 683 793 eruditione
713 745 749 793 ac
777 730 851 793 vitae
882 730 1068 814 integritate
1090 735 1286 813 praestantea

138 822 258 900 Verum
281 840 440 918 utcunque
464 836 515 917 sit,
539 840 659 899 certum
682 840 739 912 est,
763 835 824 898 hoc
848 856 883 898 eo
899 835 1018 899 facturn
1034 836 1131 900 fuisse
1146 835 1287 911 consili0,

139 944 177 1004 ut
198 943 403 1023 potestatem,
427 962 522 1024 quam
546 944 749 1024 arrogaverat
771 940 825 1003 ille
848 940 909 1003 sibi
933 941 966 1004 in
990 941 1116 1024 imperii
1140 941 1286 1024 negotiiS,

137 1046 199 1109 hac
221 1045 317 1109 etiam
339 1045 391 1110 via
413 1045 623 1110 confirmaret.
672 1046 761 1122 Quod
792 1046 895 1128 ipsum
932 1067 997 1109 non
1021 1045 1115 1109 velim
1137 1045 1286 1129 intelligi,
1398 1136 1400 1141 Α

141 1151 232 1234 quasi
257 1150 393 1235 cogitem
423 1145 543 1232 aliquid
575 1149 739 1214 detrahere
771 1149 955 1214 auctoritati
978 1149 1159 1214 Electorum
1190 1149 1286 1214 eccle-

138 1256 354 1331 siasticorum3
379 1258 411 1319 et
433 1258 470 1318 ut
492 1278 530 1319 ne
556 1255 626 1339 quis
649 1255 773 1319 ineam
790 1258 912 1339 partem
930 1255 1167 1339 interpretetur,
1191 1254 1287 1319 etiam

136 1365 234 1444 atque
256 1362 352 1426 etiam
374 1383 461 1447 rogo.
540 1446 541 1449 Ἴ

136 1466 356 1531 Veruntamen
391 1467 582 1531 contendent
614 1467 667 1532 hic
695 1466 829 1530 fortasse
860 1466 1009 1550 quidam,
1045 1470 1077 1529 et
1106 1464 1286 1548 pontificem

137 1572 316 1636 Romanum
350 1572 429 1636 bene
465 1573 502 1636 de
538 1571 631 1637 nobis
669 1571 819 1635 meritum
857 1592 922 1636 esse
956 1570 1192 1654 praedicabunt,
1232 1570 1286 1652 qui
1336 1581 1340 1588 '

137 1680 205 1741 tam
242 1664 412 1745 illustrem,
435 1677 612 1753 honorem,
661 1676 764 1760 qualis
803 1680 851 1740 est
887 1676 1012 1760 imperii
1050 1674 1214 1760 dignitas,
1253 1676 1287 1738 in

136 1785 280 1846 nostram
314 1783 451 1867 gentem
475 1781 650 1859 invexerit,
690 1785 844 1865 quantum
877 1782 911 1845 in
942 1764 1017 1865 ipso⁴
1044 1779 1115 1843 fuit.
1174 1779 1287 1843 Fateor

137 1888 294 1971 equidem,
318 1891 351 1951 et
372 1907 447 1952 sane
470 1886 514 1950 sit
535 1886 808 1968 reprehendendus
825 1886 921 1958 homo,
935 1885 1119 1963 GermanuS,
1144 1884 1198 1968 qui
1222 1907 1287 1948 non

704 2006 721 2044 a

138 2097 212 2179 [12]
242 2095 297 2180 on
326 2098 403 2180 peut
433 2099 514 2159 estre
543 2097 715 2178 qu'aucuns
740 2095 939 2173 debattront,
965 2117 1026 2178 que
1048 2095 1077 2158 le
1099 2094 1184 2177 Pape
1207 2116 1286 2159 nous

136 2225 157 2266 a
171 2200 233 2264 fait
244 2223 287 2263 un
299 2201 400 2285 grand
411 2201 495 2279 bien,
513 2200 686 2277 conferant,
710 2204 821 2264 autent
837 2203 930 2282 qu'en
945 2202 1030 2284 luya
1046 2201 1120 2276 este,
1142 2202 1161 2261 a
1179 2202 1287 2269 nostre

137 2305 250 2370 nation
272 2328 316 2369 un
342 2306 487 2370 honneur
513 2306 539 2368 si
564 2305 719 2369 excellent
741 2307 843 2389 qu'est
865 2306 896 2368 la
919 2304 1041 2389 dignito
1065 2303 1284 2386 del'Empire.

135 2408 177 2474 Je
210 2409 348 2475 confesse
377 2411 451 2474 bien
482 2410 565 2474 cela:
602 2432 654 2474 car
684 2411 912 2474 oertainement
946 2391 1126 2474 l'Alemand
1159 2408 1213 2490 qui
1247 2431 1286 2472 ne

136 2514 235 2580 seroit
258 2515 331 2579 bien
353 2515 416 2579 aise
436 2516 473 2579 de
498 2515 542 2579 tel
566 2515 666 2579 lustre
681 2518 713 2578 et
735 2514 959 2600 magnificence
981 2538 1021 2579 au
1039 2536 1186 2579 commun
1205 2515 1284 2597 paiS,

94 2661 97 2664 <
136 2621 234 2686 seroit
256 2621 464 2706 grandement
487 2624 505 2684 a
528 2621 705 2705 reprendre.

703 2740 720 2778 ’l‘

136 2815 232 2913 [124]
264 2829 399 2912 Empero
422 2829 496 2913 aqui
517 2851 575 2912 por
599 2833 733 2892 ventura
755 2829 904 2913 alegaran
927 2852 946 2912 y
970 2828 1128 2910 porfiaran
1151 2831 1285 2913 algunos

137 2933 246 3019 quenl
265 2934 418 2998 Pontifice
443 2934 585 2999 Romano
614 2954 717 2996 somus
740 2933 787 2996 los
809 2925 978 2996 Alemanes
1007 2954 1046 2995 en
1070 2954 1145 3018 muy
1167 2935 1286 3018 grande

136 3041 335 3124 obligacion,
358 3063 379 3123 y
400 3061 460 3122 que
482 3038 590 3102 homos
613 3037 756 3101 recebido
780 3037 830 3102 del
843 3022 929 3120 'muy
953 3036 1054 3100 buena
1078 3037 1164 3116 obra,
1192 3059 1285 3121 pnes-

138 3169 200 3231 que
222 3169 286 3210 una
309 3146 426 3209 honrra
447 3147 502 3208 tan
526 3143 656 3221 ilustre,
685 3142 759 3225 qual
782 3164 814 3206 es
837 3142 868 3205 la
892 3140 1041 3225 dignidad
1063 3140 1112 3205 del
1135 3140 1285 3225 Imperi0,

136 3252 169 3315 la
191 3254 281 3315 traxo
304 3273 323 3337 a
344 3252 474 3313 nuestra
499 3248 631 3325 nacion,
655 3270 693 3310 en
718 3251 837 3331 quanto
861 3269 899 3311 en
923 3246 952 3310 el
973 3245 1035 3310 fue.
1081 3246 1132 3310 Yo
1153 3247 1185 3310 lo
1210 3269 1285 3311 con-

136 3357 238 3435 fiesso,
259 3380 286 3441 ,y
309 3378 366 3439 por
389 3356 486 3420 cierto
509 3376 569 3436 que
592 3375 624 3416 es
648 3353 685 3416 de
707 3353 916 3435 reprehendor
941 3355 973 3416 et
995 3351 1126 3416 homhre
1150 3351 1285 3416 Alcman
1409 3411 1412 3417 .

137 3482 199 3544 que
222 3483 264 3524 no
293 3481 326 3524 se
353 3459 470 3544 huclga
495 3480 555 3542 que
580 3462 643 3522 este
670 3458 787 3536 honor,
815 3482 836 3542 y
860 3461 927 3522 esta
958 3462 1014 3521 tan
1047 3458 1165 3542 grande
1197 3481 1285 3522 exce-

135 3566 239 3630 lencia
259 3567 306 3636 ,de
335 3565 420 3630 fama
450 3587 510 3649 aya
532 3564 645 3629 venido
668 3586 745 3628 asu
769 3586 882 3627 comun
905 3563 1017 3647 patria.

703 3684 720 3722 ’l‘

138 3774 218 3840 auch
233 3774 348 3837 hiemit
362 3773 419 3838 hat
433 3775 547 3839 w‘ollen
562 3773 752 3857 bestatigen.
791 3771 919 3836 Welchs
943 3771 1000 3836 ich
1016 3772 1094 3837 doch
1118 3776 1155 3837 zd
1177 3771 1287 3835 heiner

136 3878 381 3962 verkleinerung
404 3880 481 3942 darn
504 3877 685 3942 loblichen¹
711 3876 919 3940 Churfiirsten
950 3877 1017 3941 will
1040 3877 1151 3962 geredt
1172 3876 1286 3954 haben,

137 3983 203 4046 und
228 3983 270 4045 ist
293 3983 396 4047 mcine
419 3983 681 4066 underthenigstc
711 3982 791 4059 bitt,
825 4004 898 4045 man
921 3982 1012 4046 w‘olle
1035 3983 1120 4072 mira>
1135 3981 1214 4046 auch
1238 3982 1287 4045 nit

140 4087 237 4152 dahin
262 4088 386 4151 deuten.
426 4087 534 4152 Allhie
549 4089 672 4152 werden
688 4080 914 4171 'ongezweifelt
933 4086 1046 4151 etliche
1069 4088 1141 4170 [13]
1164 4087 1207 4150 vil
1230 4108 1285 4172 ge-

137 4194 297 4270 dencken,
333 4215 365 4256 es
397 4194 440 4256 sei
464 4193 571 4269 recht,
605 4194 670 4258 und
693 4195 817 4258 werden
840 4194 911 4258 dem
933 4192 1123 4258 Riimischen
1146 4192 1289 4257 Bischoff

702 4331 717 4365 *

209 4421 222 4477 1
242 4417 460 4474 Hochloblichen
478 4417 665 4489 Geystlichen.
