2858 5054
697 359 760 420 240

148 526 306 592 Caessreus
329 529 461 594 honos
451 552 485 592 ιιι
509 529 610 615 ipsam
635 529 706 596 illst
693 534 744 594 tus
768 535 834 610 est,
869 553 962 650 quem
992 532 1037 597 sic
1055 534 1164 652 gessit
1186 538 1222 599 et
1245 536 1305 600 ad-

12 632 17 643 '
148 633 362 712 ministravit,
399 635 503 698 ιιιιιι
535 658 571 698 eo
599 638 760 719 tempore,
795 657 857 719 quo
877 637 928 719 jus
952 637 1076 721 imperii
1099 639 1132 703 in
1156 643 1305 705 nostram

147 739 309 803 nationem
332 740 470 817 transiit,
494 740 528 803 in
551 741 640 805 nulls
662 742 841 825 principum
864 742 951 806 tribu
974 747 1041 807 turn
1062 743 1157 807 multi
1175 742 1305 808 fuerint

147 842 282 908 Oaesares
305 864 400 926 quum
423 842 456 905 in
479 842 538 909 hac
561 847 629 908 vest
631 867 674 909 ιι.
722 843 775 908 Sic
796 845 881 909 enim
904 846 1059 910 haerett
989 849 1059 910 ιιι
1060 869 1120 930 que
1142 849 1302 913 continuo

147 949 356 1035 progreditur,
382 947 425 1030 [X
434 948 471 1032 ij]
495 971 514 1013 a
536 948 646 1013 multis
669 971 756 1014 nunc
778 951 888 1029 annis,
918 950 951 1013 in
984 972 1021 1015 ea
1051 952 1199 1037 splendor
1224 953 1300 1031 iste,

146 1076 238 1139 quem
262 1054 408 1131 diximus,
432 1055 464 1116 et
487 1051 597 1130 honos,
621 1056 658 1116 ut
679 1075 861 1137 quanquam
885 1053 1078 1121 hereditaria
1099 1057 1301 1121 successione

146 1159 324 1225 transmitti
346 1179 411 1222 nou
435 1162 555 1242 potest,
587 1160 683 1244 longo
706 1163 814 1224 tamen
837 1159 947 1223 ordine
971 1159 1115 1225 videatur
1136 1183 1224 1226 nunc
1247 1162 1300 1226 illi

144 1264 246 1329 factus
268 1286 335 1328 esse
357 1263 525 1346 peculiaris
548 1285 585 1328 ac
608 1287 705 1348 prope
735 1264 925 1349 gentilicius.

232 1369 337 1434 Crevit
360 1368 472 1433 deinde
496 1369 716 1447 matrimoniis,
740 1370 867 1452 quando
889 1373 973 1448 tuus,
997 1370 1109 1450 Oaessr,
1132 1388 1209 1435 evus
1224 1371 1299 1437 Ma·

144 1474 342 1551 ximilianus,
366 1473 471 1537 Caroli
494 1472 759 1560 Burgundionum
783 1474 870 1538 ducis
894 1474 993 1538 liliam
1015 1475 1158 1554 unicam,
1189 1477 1297 1559 pluri·

144 1600 267 1643 marum
290 1579 448 1642 dicionum
472 1581 504 1642 et
525 1579 820 1643 florentissimarum
842 1580 1006 1659 heredem,
1037 1601 1166 1645 uxorem
1189 1581 1294 1660 duxit,

144 1683 254 1747 invitis
278 1687 310 1748 et
332 1682 553 1747 resistentibus
576 1684 698 1767 aliquot
729 1706 852 1749 summa
885 1685 1029 1768 potentia
1062 1684 1203 1768 praeditis
1237 1687 1296 1750 ad-

144 1788 298 1854 versariis.
345 1788 407 1865 Qui
429 1788 574 1870 quidem,
605 1787 632 1852 si
655 1811 712 1873 per
733 1789 924 1854 affinitatem
948 1794 981 1853 et
1003 1788 1197 1854 connubium
1219 1790 1296 1855 illes

144 1894 227 1978 ipsus
250 1894 386 1958 dieioues
408 1915 480 1958 cum
503 1894 568 1959 suis
591 1894 762 1978 Provinciis
787 1894 1043 1978 conjunxissent,
1068 1893 1149 1979 quod
1173 1897 1206 1958 et
1230 1883 1295 1959 miss

145 1998 229 2062 nime
261 1997 388 2062 difficile
418 1997 560 2062 futurum
590 2002 659 2063 erat
687 1999 836 2063 etmulti
858 1999 1032 2064 suadebant
1053 2003 1086 2063 et
1107 2021 1172 2063 non
1194 2000 1296 2065 semel

10 2183 15 2193 Ι
143 2103 348 2167 deliberatum
373 2102 445 2180 fuit,
469 2125 534 2167 non
557 2106 599 2181 te,
623 2101 743 2182 Caesar,
776 2104 869 2168 hodie
891 2104 1141 2187 conspiceremus
1163 2105 1210 2168 itu
1232 2105 1294 2169 flo-

141 2212 265 2273 rentem
287 2230 344 2272 nec
367 2208 400 2271 in
424 2208 486 2272 isto
509 2208 677 2294 dignitatis
699 2210 799 2294 gradu
822 2210 1019 2273 collocutum.
1061 2205 1120 2273 Sed
1144 2209 1294 2291 quirem

142 2335 284 2390 omnem,
310 2316 344 2376 ut
366 2316 414 2376 est
437 2317 544 2396 gesta,
568 2315 698 2397 propius
720 2314 839 2378 intueri
861 2314 956 2392 volet,
980 2313 1063 2378 haud
1086 2313 1181 2378 dubie
1203 2335 1292 2381 com·

140 2419 251 2504 periet,
274 2419 307 2480 in
331 2416 406 2480 fatis
428 2417 474 2481 ιιι
497 2417 602 2496 fuisse,
627 2424 663 2484 ut
684 2423 789 2483 vestra
812 2419 922 2483 domus
945 2419 978 2482 in
1004 2419 1191 2483 immensum
1206 2440 1292 2485 ores·

141 2526 233 2587 seret.
280 2521 363 2585 Num
386 2522 447 2585 etsi
468 2521 622 2604 praeclnra
644 2522 687 2586 sit
717 2522 852 2588 accessio
882 2523 959 2600 illu,
994 2521 1119 2605 quando
1149 2544 1206 2606 per
1237 2546 1293 2590 eus

140 2627 269 2710 nuptias
285 2625 415 2690 Austris
436 2626 500 2689 fuit
517 2627 685 2710 conjuncta
702 2626 895 2712 Burgundiee
918 2618 950 2690 et
972 2648 1036 2690 non
1059 2627 1181 2712 exiguae
1202 2629 1293 2711 parti
1418 2638 1421 2643 '

141 2731 251 2796 Gallie
275 2730 428 2817 Belgicae,
452 2732 553 2796 multo
576 2731 678 2814 major
701 2734 807 2795 tamen
829 2754 866 2796 ea
889 2732 960 2809 fuit,
984 2732 1160 2797 cumidem
1182 2731 1290 2798 Maxi·

139 2836 288 2901 milianus
317 2858 333 2898 e
359 2835 492 2921 conjuge
514 2835 718 2920 Burgundios
740 2839 851 2899 natum
874 2835 935 2899 sibi
964 2835 1066 2900 filium
1089 2835 1291 2921 Philippum,

137 2947 300 3027 parentem
324 2945 424 3019 tuum,
448 2939 569 3019 Oaesar,
601 2940 804 3005 matrimonio
823 2940 932 3024 junxit
954 2940 1145 3005 Perdinandi
1168 2939 1292 3026 Hispa·

137 3048 264 3110 uiarum
288 3047 381 3130 regis,
404 3045 619 3128 potentissimi
643 3045 807 3129 principis,
830 3044 904 3109 filiae
927 3045 1044 3110 heredi.
1075 3045 1144 3120 Qua
1158 3047 1291 3129 quidem
1331 3108 1337 3115 .

137 3152 262 3216 ratione
284 3151 404 3215 facturn
433 3155 497 3228 est,
531 3155 567 3214 ut
596 3150 745 3233 quicquid
769 3150 898 3214 Carolus
921 3172 1056 3234 proavus
1079 3153 1111 3214 et
1134 3150 1290 3235 quicquid

137 3255 353 3320 llerdinandus
376 3277 451 3318 avus
474 3259 548 3318 tuus
571 3259 734 3319 maternus
757 3277 895 3338 unquam
919 3256 1134 3339 possederunt,
1155 3256 1160 3339 Ι
1179 3255 1214 3321 ιιι
1237 3260 1290 3321 ιο-

136 3367 206 3426 tum
229 3362 316 3425 inte
340 3384 438 3425 unum
454 3360 612 3425 cumulate
627 3361 815 3443 pervenerit,
838 3362 885 3426 itu
901 3362 1036 3446 quidem,
1060 3365 1107 3439 ιιι,
1131 3359 1186 3443 qui
1203 3362 1290 3426 mul-

136 3467 273 3532 titudiue
296 3467 530 3551 provinciarum
561 3471 594 3531 et
624 3467 834 3552 amplitudine
864 3467 1023 3531 dicionum
1055 3469 1087 3528 et
1119 3464 1291 3533 latissimis

701 3589 719 3626 ‘l‘
1225 3622 1231 3633 ι

137 3677 231 3758 [165]
255 3676 365 3760 depuis
387 3676 417 3740 le
439 3681 542 3759 temps
572 3698 633 3759 que
656 3676 685 3741 le
707 3678 791 3742 droit
814 3677 852 3741 de
874 3674 1025 3758 l’Empire
1048 3697 1067 3739 e
1089 3675 1156 3739 ests
1177 3679 1289 3743 trans·

134 3780 200 3845 fcre‘
223 3785 242 3844 a
265 3785 372 3845 nostre
394 3781 516 3859 nation,

700 3903 717 3943 s

133 3993 225 4057 desde
255 3993 283 4055 el
316 3993 434 4075 tiempo
467 4014 527 4076 que
550 3993 579 4056 el
602 3991 734 4057 derecho
758 3992 795 4055 de
818 3991 916 4075 elcgir
939 3991 1166 4077 Emperadores
1190 4013 1289 4074 passo

133 4117 151 4160 a
174 4100 304 4160 nuestre
327 4097 527 4179 ιιι[99]ιιοιι,

699 4217 716 4255 s

131 4310 212 4369 wort
235 4309 335 4390 gehen
359 4312 459 4389 rudge.
505 4305 547 4369 Es
577 4305 634 4370 ιιιι
663 4306 717 4369 der
740 4303 898 4369 Almecht'
874 4309 941 4388 trg,
972 4304 1007 4369 E.
1031 4305 1074 4369 Μ.
1099 4327 1133 4369 so
1157 4305 1204 4369 vil
1227 4306 1285 4371 be-

131 4410 249 4491 folhen,
273 4413 320 4476 als
343 4413 465 4476 keinem
489 4411 659 4476 menschen
683 4410 750 4474 arrff
771 4411 877 4487 erden,
