2858 5054
683 386 742 447 221

135 577 201 620 esse
224 557 315 618 taeter
337 557 431 638 atque
455 554 625 620 luctuosus.
665 532 795 641 Ingenti
819 547 899 641 saepe
922 559 1102 624 calamitate
1118 560 1202 626 Deus
1225 586 1285 646 pu·

136 660 218 724 nivit
239 681 348 744 reges,
381 660 435 742 qui
468 662 516 724 vel
547 683 603 743 per
625 663 827 745 tyrannidem
850 663 899 726 vel
922 664 1091 728 seditiones
1116 667 1165 730 vel
1188 669 1286 731 caedes

135 765 184 829 vel
208 785 264 848 per
287 764 473 848 largitiones
496 765 590 847 idque
613 787 713 849 genus
736 767 813 830 alias
837 771 920 831 artes
943 768 976 830 in
996 769 1213 853 principatum
1236 773 1287 835 in·

136 872 293 934 vaserunt.
328 869 454 945 Quanto
477 869 582 932 minus
606 869 706 953 igitur
727 869 810 934 hanc
831 869 1007 935 foeditatem
1032 876 1064 936 et
1088 873 1286 956 depravatio-

136 997 208 1038 nem
231 974 311 1037 feret
334 974 367 1036 in
384 974 658 1038 administratione
675 975 893 1052 ecclesiastica,
917 976 973 1039 ubi
995 981 1110 1060 practer
1132 979 1285 1042 virtutem

137 1100 174 1142 ac
198 1077 405 1142 eruditionem
437 1077 520 1142 nihil
554 1082 610 1141 aut
642 1079 776 1161 spectari
808 1079 901 1143 dehet
930 1083 986 1143 aut
1009 1080 1137 1144 valere?
1181 1082 1288 1165 Atque

137 1183 266 1247 interim
290 1187 418 1260 tamen,
454 1183 604 1267 quicquid
628 1182 800 1247 decernunt
823 1188 855 1247 et
887 1185 1057 1263 mandant,
1092 1186 1152 1249 hoc
1183 1189 1286 1249 totum

137 1288 244 1351 divino
278 1288 404 1352 numini
438 1288 538 1352 tribui
570 1293 602 1352 et
631 1287 730 1352 veluti
759 1295 994 1354 sacrosanctum
1025 1291 1134 1356 haberi
1167 1291 1286 1354 volunt.
1406 1345 1409 1352 .

137 1392 243 1457 Nimis
265 1393 332 1457 haec
355 1398 403 1457 est
426 1394 567 1478 profecto
585 1416 703 1479 magna
718 1395 888 1471 temeritas,
913 1416 1008 1476 quam
1024 1418 1080 1461 nec
1096 1397 1287 1481 impunitam

138 1498 222 1561 sinet
243 1496 338 1562 Deus

139 1600 268 1676 Quoties
291 1624 366 1688 ergo
390 1603 601 1682 decretorum,
627 1626 783 1669 canonum
808 1607 840 1667 et
862 1604 999 1668 ecclesiae
1021 1606 1286 1670 const'tutionum

138 1705 260 1770 faciunt
283 1708 496 1787 mentionem,
527 1709 683 1793 explicare
706 1709 820 1773 debent
844 1709 958 1787 etiam,
990 1709 1027 1772 de
1050 1732 1184 1792 quorum
1207 1715 1287 1775 tem*
1310 1742 1312 1746 ·

42 1847 46 1852 -
139 1832 257 1894 porum
274 1813 446 1877 canonibus
471 1813 661 1897 loquantur;
686 1815 762 1897 quia
783 1818 931 1897 pugnant
953 1815 1037 1877 inter
1060 1836 1102 1891 se,
1127 1820 1288 1898 quaesunt

140 1916 179 1979 ab
202 1917 277 2000 ipsis
300 1918 434 1982 condita.
481 1918 526 1982 Et
547 1940 727 2002 quanquam
749 1919 871 2002 priores
893 1918 977 2002 leges
1000 1919 1207 1983 emendantur
1230 1942 1287 2002 per

144 2023 342 2103 posteriores,
367 2024 474 2106 eisque
496 2025 620 2100 cedunt,
643 2022 738 2108 longe
754 2027 861 2087 tamen
876 2028 924 2086 est
939 2023 1003 2086 alia
1017 2023 1109 2101 ratio,
1134 2029 1290 2105 quantum

141 2125 250 2209 adjus
272 2128 468 2210 pontificium
493 2128 642 2211 pertinet.
664 2131 669 2209 l
688 2127 772 2191 Nam
794 2128 869 2204 illa,
903 2149 973 2210 quae
1003 2127 1086 2192 facta
1116 2132 1192 2193 sunt
1214 2134 1289 2193 ante

141 2230 228 2294 mille
250 2235 282 2296 et
304 2253 340 2295 eo
363 2233 469 2316 plures
493 2254 608 2309 annos,
642 2233 766 2297 decreta
797 2233 898 2296 multo
932 2237 1008 2296 sunt
1039 2234 1170 2297 meliora
1193 2257 1287 2317 quam

142 2356 195 2414 ea,
219 2358 288 2420 qnae
311 2337 453 2401 ducentis
477 2336 568 2400 annis
591 2340 699 2419 postea
722 2341 797 2401 sunt
818 2337 1000 2402 constituta.
1048 2337 1202 2418 Breviter,
1227 2361 1289 2421 quo
1323 2339 1325 2343 ’

708 2458 725 2496 a

142 2547 278 2611 stenlich
301 2547 392 2610 sein?
438 2545 502 2610 Got
523 2546 595 2610 hats
619 2547 663 2609 im
686 2547 863 2611 weltlichen
886 2548 1046 2631 regiment
1067 2548 1129 2612 alle
1151 2549 1213 2613 neit
1235 2570 1290 2634 ge-

142 2651 274 2730 straffet,
299 2675 391 2716 wenn
414 2653 501 2715 einer
523 2651 584 2715 mit
605 2653 740 2735 gewalt,
766 2653 826 2716 mit
848 2653 1098 2737 blirtvergiessen
1121 2653 1185 2716 und
1209 2652 1288 2715 auff-

142 2756 227 2835 rhur,
252 2758 326 2822 oder
348 2760 437 2821 scnst
459 2757 558 2822 durch
581 2757 735 2821 nnerbare
758 2779 844 2842 wege
866 2760 931 2823 und
947 2759 1050 2823 mittel
1067 2781 1122 2822 zur
1138 2757 1290 2822 Oberkeit

141 2861 255 2925 homen
279 2863 338 2938 ist,
362 2861 435 2925 Wic
458 2863 501 2926 vil
525 2863 664 2946 weniger
686 2863 749 2927 kan
774 2884 807 2927 er
830 2885 862 2926 es
885 2863 969 2926 dann
993 2865 1036 2926 im
1059 2862 1287 2926 hirchenstand

142 2964 253 3043 leiden,
277 2966 317 3030 da
339 2966 428 3030 nichs
451 2967 563 3031 anders
587 2967 671 3032 dann
694 2967 744 3031 die
765 2968 831 3032 lere
854 2968 918 3031 und
941 2968 1099 3032 erbarkeit
1122 2968 1169 3031 sol
1189 2988 1287 3051 ange·
1377 2975 1384 2983 ‘

142 3071 235 3134 sehen
261 3072 406 3135 werden?
451 3071 523 3135 Und
555 3072 697 3136 dennoch
729 3077 798 3137 mrts
826 3096 858 3136 es
888 3073 938 3137 die
966 3072 1055 3136 kirch
1078 3072 1143 3135 und
1167 3072 1221 3134 der
1245 3071 1285 3134 H.

143 3177 225 3259 geist
249 3176 400 3241 hevolhen
425 3177 489 3240 und
505 3176 622 3261 gethon
636 3177 749 3254 haben,
774 3179 851 3241 alles
868 3200 931 3242 was
947 3178 991 3240 sie
1008 3198 1185 3241 vornemen.
1225 3174 1289 3240 Das

143 3282 186 3344 ist
205 3282 239 3364 ja
261 3285 298 3346 nd
321 3283 382 3359 vil,
417 3282 483 3346 nnd
513 3304 545 3346 es
568 3284 642 3346 wirt
664 3304 704 3346 on
728 3284 812 3347 allen
835 3282 975 3360 cn’eifel,
1010 3282 1061 3344 cin
1084 3281 1214 3345 scltzam
1237 3303 1288 3345 er-

144 3386 337 3451 schr'ocklich
362 3388 422 3450 end
446 3388 506 3451 mit
529 3388 601 3451 ineu
627 3410 748 3451 nemen.

230 3491 334 3556 Wenn
357 3493 402 3555 sie
425 3515 468 3556 nu
493 3514 554 3557 von
577 3493 637 3556 (len
661 3493 814 3556 Decreten
847 3494 911 3556 und
944 3491 1074 3555 kirchen
1106 3491 1292 3573 ordnungen

144 3597 254 3674 reden,
287 3619 321 3660 so
344 3593 470 3662 mfissen
493 3597 538 3661 sie
561 3619 593 3660 es
618 3597 761 3660 dennoch
784 3595 1057 3660 underschiedlich
1080 3616 1193 3680 sagen,
1228 3616 1293 3658 was

144 3702 189 3763 sie
213 3701 312 3763 darnit
332 3701 474 3780 meinen,
499 3699 590 3766 Denn
614 3701 660 3763 sie
683 3700 785 3763 haben
809 3699 1038 3783 widerwcrtige
1059 3698 1213 3762 Decreten
1237 3720 1292 3782 ge·

146 3791 270 3867 macht(
306 3805 378 3868 Und
402 3805 523 3869 wiewol
546 3805 595 3868 dic
618 3804 712 3867 letstc
735 3804 885 3881 rechten,
920 3804 979 3867 den
1011 3810 1116 3867 ersten
1146 3804 1210 3866 und
1233 3803 1293 3865 den

147 3907 232 3969 alten
264 3908 491 3991 abgewinnen,
524 3910 583 3974 wie
612 3909 662 3973 die
684 3909 827 3973 duristen
859 3930 973 3992 sagen,
1008 3909 1116 3973 iedoch
1147 3908 1219 3971 hats
1250 3909 1294 3971 im

147 4010 329 4075 Basilichcn
351 4013 479 4077 rechten
502 4015 546 4077 vil
569 4014 620 4078 cin
643 4014 757 4078 andere
779 4014 918 4097 meiung.
955 4012 1046 4076 Denn
1072 4013 1121 4076 die
1144 4012 1208 4075 alte
1230 4011 1293 4075 De·

147 4118 260 4194 creten,
285 4138 342 4180 vor
363 4120 490 4188 tausent
512 4120 576 4182 und
599 4119 688 4182 mehr
708 4119 809 4201 jaren,
832 4118 904 4182 sind
925 4117 958 4200 ja
980 4117 1084 4200 gleich
1109 4117 1213 4181 hesser
1230 4117 1293 4180 und

146 4220 372 4299 Christlicher,
398 4222 481 4285 rlann
504 4224 569 4302 die,
602 4245 636 4287 so
658 4224 733 4288 zwei
756 4223 895 4286 hundert
914 4223 965 4305 jar
987 4222 1124 4286 darnach
1147 4225 1295 4306 gemacht

146 4326 225 4403 sind,
250 4327 313 4389 und
337 4326 403 4390 also
427 4327 592 4411 volgends,
623 4329 652 4391 ie
675 4329 783 4413 lenger
808 4329 836 4390 ie
858 4333 969 4411 arger,
1005 4328 1053 4391 bis
1076 4328 1130 4390 <las
1154 4326 1200 4389 sie
1222 4348 1293 4389 aum

146 4430 262 4496 letsten
286 4430 441 4496 Decreten
465 4432 633 4517 gemacht,
667 4433 763 4498 deren
794 4433 838 4497 sie
868 4432 934 4497 sich
967 4432 1092 4517 heutigs
1115 4436 1186 4516 tags
1210 4431 1243 4495 in
1267 4429 1297 4496 ir
