2858 5054
679 342 740 405 184

133 517 233 602 igitur
256 519 341 581 certo
364 513 505 591 statuite,
529 514 652 578 nullum
667 535 724 578 nos
740 511 901 579 subituros
917 515 1112 594 servitutem,
1137 516 1193 582 sed
1217 539 1287 584 eum

132 644 198 687 esse
222 621 404 686 defensuros
428 620 541 696 locum,
565 621 621 702 qui
645 618 735 682 uobis
757 618 854 682 veluti
876 639 933 701 per
955 641 1067 684 manus
1084 625 1133 684 est
1149 623 1286 688 traditus
1327 659 1330 666 ·

133 751 151 792 a
175 726 347 810 majoribus
365 724 493 800 nostrie,
517 745 618 808 neque
633 723 792 806 patiemur
809 722 977 806 quicquam
992 725 1152 790 libertatis
1168 733 1285 794 nostra

133 832 225 896 nobis
248 831 338 915 eripi.

134 935 211 1001 cum
236 936 273 1000 ad
298 956 368 999 eum
386 933 514 997 modurn
531 936 707 997 crescerent
721 932 872 1014 utrinque
887 931 1116 1011 contentiones,
1140 936 1285 1019 pontifex

133 1063 198 1105 non
222 1040 314 1104 modo
337 1061 401 1102 non
425 1038 559 1123 urgebat
582 1037 765 1101 institutum
789 1059 891 1113 suurn,
915 1037 968 1101 sed
989 1037 1138 1120 quioquid
1153 1041 1284 1105 omnino

134 1146 172 1210 ad
197 1144 420 1210 coutumeliam
444 1147 475 1204 et
498 1142 647 1224 injuriam
671 1139 827 1205 Caesarum
852 1141 1035 1226 spectabat,
1071 1142 1105 1205 in
1136 1164 1173 1207 eo
1205 1145 1286 1210 nihil

135 1247 409 1334 prseternrittebat.
457 1245 540 1309 Nam
572 1249 603 1309 et
635 1245 791 1308 Henrieus
822 1248 972 1328 quartus,
1006 1249 1038 1308 et
1068 1247 1221 1329 quintus,
1256 1253 1287 1314 et

136 1354 314 1419 Fridericus
346 1352 489 1435 primus,
524 1354 556 1413 et
584 1352 651 1433 ejus
673 1371 690 1412 e
712 1349 778 1413 filio
801 1371 898 1434 nepos
922 1349 1098 1425 Friderious
1121 1353 1285 1430 secundus,

136 1463 167 1522 et
191 1457 284 1540 hujus
314 1460 404 1539 pater
427 1455 614 1539 Philippus,
639 1458 671 1519 et
693 1453 861 1534 Albertus,
886 1460 918 1519 et
941 1454 1096 1520 Henrieus
1119 1457 1283 1540 septimus

136 1567 168 1626 ct
190 1560 367 1625 ludovicus
391 1560 548 1638 Bararus,
573 1558 707 1624 Caesares
730 1581 858 1636 omnes,
893 1582 957 1624 non
981 1561 1110 1624 obscure
1132 1565 1210 1625 sunt
1233 1585 1284 1627 ex-

138 1664 230 1749 perti,
256 1687 350 1749 quarn
374 1665 416 1727 sit
437 1665 562 1728 effrenis
586 1669 617 1728 et
640 1665 795 1728 indomita
817 1669 849 1729 et
865 1665 993 1750 ingrata
1007 1662 1109 1752 bellua
1124 1667 1285 1731 mendicus

139 1770 254 1854 aliquis
277 1770 505 1854 locupletatus,
540 1769 661 1852 experti
683 1772 778 1846 sunt,
814 1791 909 1852 quam
932 1769 1122 1833 virulentam
1145 1771 1286 1855 viperam

138 1876 272 1959 majores
295 1875 435 1959 ipsorum
455 1876 647 1953 educassent,
672 1878 704 1937 et
718 1877 871 1957 tanquam
888 1874 920 1939 in
937 1875 1009 1938 sinu
1025 1874 1188 1952 fovissent,
1213 1875 1285 1939 dum

140 1979 285 2064 episcopo
309 1980 454 2044 Romano
476 1979 629 2061 paulatim
654 1978 849 2061 largirentur
880 1979 1003 2056 omnia,
1035 2000 1189 2062 suumque
1219 1983 1284 2043 stu-

139 2084 225 2147 dium
248 2107 340 2149 omne
364 2085 543 2149 conferrent
566 2083 604 2147 ad
627 2081 882 2166 amplificandum
912 2083 1003 2146 illurn
1035 2086 1067 2146 et
1098 2085 1284 2149 ornandum.
1331 2102 1333 2106 ·

227 2190 399 2253 Germanos
423 2210 495 2252 vero
519 2189 653 2253 Caesares
677 2191 829 2271 perpetuo
859 2198 1068 2272 repugnasse,
1103 2211 1206 2271 neque
1231 2210 1284 2252 vo·
1328 2247 1330 2253 .

138 2293 232 2358 luisse
254 2293 334 2357 illud
355 2293 561 2376 jurisjurandi
584 2293 744 2356 vinculum
768 2293 883 2369 subire,
906 2296 1059 2374 tanquam
1081 2314 1148 2357 rem
1164 2314 1285 2372 novam,

706 2413 722 2449 ’l‘

140 2499 320 2583 Subjection
345 2502 419 2565 oder
442 2500 649 2585 cigenthumb
671 2506 710 2567 nh
731 2501 871 2586 begeben
894 2502 1034 2585 gemeint
1055 2503 1146 2581 sind,
1175 2503 1284 2568 sonder

140 2605 195 2669 das
225 2605 283 2668 wir
314 2606 363 2670 die
393 2605 564 2683 Oberkeit,
600 2628 633 2670 so
669 2606 767 2670 durch
791 2605 902 2670 Gottes
931 2606 1106 2691 fiirsehung
1136 2607 1202 2670 und
1232 2607 1285 2672 be-

140 2709 312 2796 schiclrung
336 2735 376 2776 au
399 2735 458 2775 uns
481 2713 613 2797 gelsngt
640 2713 700 2790 ist,
733 2711 793 2775 frei
815 2711 879 2775 und
903 2711 1021 2775 redlich
1044 2712 1285 2796 gedenclrennh

139 2812 319 2890 brauchcn,
354 2797 413 2879 wie
443 2837 555 2879 unsere
583 2816 712 2880 vorlarn
743 2837 799 2879 vor
829 2818 957 2879 teusent
989 2815 1053 2879 und
1085 2816 1176 2879 mehr
1195 2816 1283 2899 jarer

140 2916 258 3001 gethan
282 2917 394 2983 haben.
750 2910 754 2917 ⁶

228 3022 277 3086 Da
299 3023 342 3088 ist
364 3026 418 3089 der
441 3025 553 3089 unwill
576 3026 719 3091 allererst
743 3025 831 3089 recht
854 3046 1041 3110 angangen,
1076 3025 1116 3089 da
1147 3027 1204 3091 hat
1233 3028 1285 3091 der

142 3125 244 3210 Bapst
265 3128 315 3190 nit
337 3130 433 3192 allein
456 3130 523 3193 suff
543 3130 602 3193 den
626 3131 685 3194 llid
708 3130 903 3214 gedrungen,
931 3131 1044 3194 sonder
1066 3131 1146 3195 auch
1168 3155 1232 3196 was
1256 3153 1287 3196 er

142 3231 201 3294 deu
225 3232 375 3297 Keiseren
398 3235 454 3300 hat
477 3241 590 3318 miigen
614 3240 652 3300 uh
676 3239 758 3299 trotz
781 3235 845 3299 und
868 3237 1024 3318 entgegen
1055 3234 1155 3312 rhun,
1192 3237 1289 3300 daran

141 3335 197 3398 hat
219 3358 253 3400 er
277 3338 381 3402 nichts
409 3344 563 3423 gesparet.
609 3340 651 3404 Es
683 3340 785 3403 haben
809 3337 921 3403 Keiser
945 3338 1098 3402 Heinrich
1129 3340 1184 3404 der
1215 3340 1295 3416 drit,

142 3439 251 3505 Keiser
268 3440 430 3508 Fr·iderich
453 3445 508 3508 der
523 3449 598 3521 erst,
622 3444 687 3509 und
703 3445 757 3519 der
773 3443 864 3508 zweit
879 3444 932 3508 des
945 3465 1085 3519 nameus,
1109 3443 1289 3530 Hertzogen

142 3549 179 3610 zu
202 3545 392 3627 Schwaben,
424 3549 535 3615 Keiser
560 3550 731 3629 Heinrich,
757 3549 895 3632 Hertzog
917 3551 955 3612 ml
978 3547 1192 3633 Liitzelburg,
1227 3547 1291 3613 und

142 3650 253 3716 Keiser
275 3651 417 3740 Ludwig,
442 3656 582 3741 Hertzog
606 3654 639 3718 in
657 3655 789 3718 Baieren
812 3654 873 3718 wol
897 3653 1071 3731 vershchct,
1095 3653 1154 3716 wie
1178 3675 1210 3717 es
1232 3674 1289 3737 gar

143 3755 193 3819 ein
217 3757 311 3835 wild,
348 3761 588 3845 unverniinfftig
611 3761 676 3824 und
699 3759 904 3823 undanckbar
928 3757 1013 3821 thier
1036 3757 1078 3821 ist
1100 3758 1177 3821 unrb
1200 3758 1292 3820 einen

143 3859 227 3923 reich
249 3863 436 3946 gemachten
459 3865 569 3945 betler,
593 3866 696 3930 haben
716 3865 777 3928 wol
800 3885 979 3941 vernomcn,
1002 3863 1061 3926 wie
1076 3862 1145 3926 eine
1161 3863 1287 3947 gifftige

144 3967 291 4051 schlung,
328 3968 372 4032 ire
403 3971 531 4034 verfarn
555 3993 593 4035 sn
619 3970 662 4033 im
688 3992 820 4055 erzogen
842 3969 975 4045 hatten,
1010 3967 1050 4030 da
1072 3967 1118 4030 sie
1139 3967 1183 4030 im
1207 3967 1292 4030 einer

144 4093 218 4149 vor,
249 4074 303 4137 der
335 4075 431 4138 ander
463 4076 559 4155 nach,
594 4076 730 4139 imerdsr
753 4082 848 4140 etwas
872 4070 1068 4136 nachliessen
1092 4072 1157 4135 und
1180 4071 1291 4135 soben-

144 4174 265 4240 cketen.

143 4279 208 4344 Das
230 4281 296 4345 sich
320 4284 436 4348 nudie
459 4284 613 4349 Teutschc
636 4283 747 4348 Keiser
769 4281 892 4345 allezeit
914 4285 1073 4366 gewegert
1103 4280 1207 4344 haben
1232 4279 1291 4343 den

144 4387 203 4452 Eid
225 4390 264 4452 uh
286 4388 367 4452 than
391 4389 496 4473 (dweil
519 4410 551 4454 es
574 4390 625 4454 ein
648 4387 800 4453 unerhiirt
822 4386 900 4472 ding
922 4386 1001 4471 war)
1034 4386 1078 4449 ist
1106 4385 1208 4449 nebcn
1233 4405 1292 4447 an·
