2858 5054
623 341 626 348 '
695 359 755 421 126

146 524 180 587 in
203 530 331 608 aspectu
357 528 389 589 et
416 527 514 591 oculis
537 528 680 592 omnium
705 529 880 606 hominum,
905 531 1044 597 fastuose
1065 535 1297 618 pronuntiavit,

146 649 179 692 se
202 627 353 693 Gaesarem
386 630 481 695 simul
510 636 542 695 et
574 633 756 715 pontificem
788 657 862 699 esse.
909 636 995 700 Tuus
1018 640 1133 717 etiam,
1158 639 1299 706 ,loannes

146 732 321 812 Friderice,
361 739 513 818 patruus,
547 735 692 802 Saxoniae
723 740 785 804 dux
821 739 1017 820 Fridericus,
1053 748 1084 807 et
1118 749 1191 827 post
1226 768 1298 809 euin

146 860 259 920 parens
293 844 385 916 tuus,
421 841 580 906 intellexit
614 864 676 906 non
708 845 859 920 obscure,
895 847 1036 930 cogitare
1070 849 1171 930 ipsos,
1207 850 1297 928 illud,

145 944 228 1025 quod
251 943 315 1006 suis
340 944 540 1010 inseruerunt
570 947 740 1030 aliquando
774 950 906 1013 decretis
941 954 973 1014 et
1005 953 1297 1031 constitutionibus,

144 1047 300 1130 perficere.
360 1048 450 1114 Pleni
489 1056 564 1115 sunt
597 1048 897 1136 jurisconsultorum
938 1058 1174 1139 pontificiorum
1211 1061 1297 1138 libri,

144 1152 246 1234 plenae
276 1159 352 1218 sunt
374 1156 528 1238 ejusmodi
551 1180 730 1222 sermonum
754 1164 786 1223 et
810 1162 1106 1227 interminationum
1130 1165 1295 1228 contiones

144 1257 295 1340 ipsorum.
327 1259 457 1324 Habent
478 1262 538 1325 hoo
560 1262 608 1325 illi
633 1285 697 1327 non
721 1266 766 1329 ita
790 1265 910 1348 pridem
932 1268 1034 1330 emissi
1052 1269 1170 1351 dialogi
1187 1272 1297 1332 nostra

145 1365 270 1447 vulgari
301 1366 471 1448 conscripti
504 1367 637 1451 lingua,
672 1391 750 1451 quos
781 1393 818 1434 ex
847 1372 936 1436 vobis
968 1373 1096 1454 quidam
1126 1373 1295 1457 magnifiee

145 1469 319 1550 praedicant
340 1471 433 1535 editis
456 1472 552 1537 etiam
575 1473 701 1537 libellis.
1225 1460 1227 1465 Ι

232 1572 308 1639 Haec
330 1576 437 1639 omnia
459 1578 550 1641 novit
572 1578 644 1656 ille,
676 1585 709 1642 et
740 1581 814 1662 quid
838 1603 966 1645 suorum
992 1582 1146 1662 majorum
1169 1583 1294 1646 decreta

146 1677 348 1760 praecipiant,
383 1702 446 1743 non
477 1681 624 1766 ignorat;
658 1690 690 1747 et
712 1685 861 1766 quoniam
897 1689 901 1769 l
937 1685 1109 1749 utilitatem
1133 1686 1293 1771 insignem

143 1780 272 1859 habent,
297 1805 368 1848 curn
391 1785 430 1848 ad
453 1787 674 1867 pontificatum
691 1789 881 1868 admittitur,
901 1789 1106 1872 jurejurando
1121 1791 1294 1872 promittit,

146 1908 182 1952 ea
205 1909 237 1951 se
260 1889 431 1974 diligenter
460 1893 707 1958 observaturum.
753 1892 785 1958 si
816 1895 995 1958 dissimulat
1027 1894 1140 1971 hodie,
1172 1896 1200 1959 si
1231 1917 1293 1959 non

144 1995 210 2055 tarn
233 1992 415 2074 frequenter
439 1994 558 2079 allegat
581 1996 637 2060 illa
659 1996 802 2076 fortasse,
827 2020 922 2080 quam
946 2002 1010 2061 tres
1034 1997 1101 2074 illi,
1133 1999 1187 2080 qui
1219 2019 1292 2081 pro-

144 2099 227 2163 xime
250 2100 354 2181 ipsum
377 2103 629 2179 antecesserunt,
665 2101 744 2166 facit
772 2102 852 2179 hoc,
888 2102 1084 2187 temporibus
1108 2102 1292 2180 inserviens,

143 2204 275 2268 callidus
299 2203 385 2266 cuim
408 2207 456 2267 est
476 2208 649 2281 veterator,
684 2207 736 2268 sed
760 2206 889 2269 dubium
913 2228 978 2269 non
1001 2210 1065 2282 est,
1097 2206 1175 2289 quin
1199 2207 1291 2271 vehe-

51 2354 54 2361 -
142 2308 338 2374 meritissime
360 2309 483 2392 cupiat,
515 2308 594 2372 illud
625 2331 658 2373 se
681 2331 772 2392 posse
794 2311 965 2388 conficere,
998 2313 1081 2394 quod
1104 2316 1136 2375 et
1158 2312 1291 2393 majores

141 2414 242 2496 ipsius
271 2412 524 2489 constituerunt,
557 2417 589 2477 et
619 2415 703 2496 quod
732 2415 799 2498 ipse
828 2416 1020 2499 praeeipuum
1044 2438 1110 2480 esse
1132 2417 1218 2480 videt
1241 2437 1290 2478 re-

141 2517 280 2580 tinerrdae
302 2538 364 2580 suae
387 2517 553 2601 dignitatis
576 2520 860 2604 propugnaculum.
907 2519 951 2583 Ut
981 2525 1086 2584 autem
1115 2521 1197 2604 quod
1223 2520 1290 2583 vult

141 2626 375 2703 consequatur,
410 2622 635 2687 difficillimum
666 2646 733 2688 esse
765 2625 870 2702 videt,
904 2647 940 2689 ac
970 2625 1103 2689 fortasse
1127 2626 1289 2708 desperat,

143 2726 239 2791 aliam
262 2728 369 2810 itaque
391 2728 474 2792 viam
497 2729 694 2813 ingreditur:
725 2731 890 2795 exacerbat
911 2730 1043 2807 animos,
1068 2731 1126 2794 alit
1148 2731 1287 2807 dissidia,

21 2908 23 2912 ¹
141 2854 198 2897 nee
221 2833 253 2896 in
278 2854 314 2896 eo
335 2833 503 2917 quicquam
526 2835 762 2917 praetermittit3
786 2836 833 2898 ita
855 2835 998 2899 futurum
1015 2839 1130 2918 sperat,
1155 2847 1190 2898 ut
1207 2836 1289 2918 quod

141 2937 172 3001 vi
195 2937 319 3021 assequi
341 2959 405 3001 non
427 2942 542 3021 potest,
567 2943 635 3002 arte
651 2938 794 3020 perficiat
809 2944 840 3002 et
856 2939 990 3017 insidiis,
1015 2940 1087 3002 duur
1105 2960 1141 3001 eo
1157 2942 1288 3020 spectat,

142 3046 176 3105 ut
199 3041 380 3120 Germania,
403 3042 549 3106 civilibus
581 3064 732 3106 concussa
755 3043 864 3122 bellis,
898 3044 995 3107 robur
1026 3049 1058 3106 et
1089 3044 1287 3127 splendorem

140 3167 265 3210 omnem
297 3147 434 3210 amittat.
488 3146 616 3210 Summa
650 3148 750 3230 igitur
783 3148 950 3232 diligentia
980 3149 1208 3230 providendum
1243 3154 1290 3210 est

139 3250 246 3328 vobis,
280 3250 489 3314 illustrissimi
511 3249 674 3333 Principes
705 3273 741 3314 ac
764 3250 918 3331 OrdineS,
954 3275 992 3316 ne
1023 3274 1116 3335 quam
1148 3253 1175 3314 ei
1199 3256 1289 3334 pate·

138 3353 262 3418 faciatis
285 3356 472 3438 ampliorem
494 3355 599 3433 viam,
634 3357 673 3419 ad
701 3379 756 3421 vos
790 3358 987 3439 penetrandi.
1034 3357 1158 3421 Videtis
1189 3358 1222 3420 in
1253 3377 1289 3419 eo

137 3460 401 3542 perfectissimum
424 3460 603 3544 tyrannidis
626 3463 794 3544 exemplar.
840 3461 971 3526 Duabus
999 3464 1128 3529 omnino
1152 3462 1285 3526 rationi-

137 3565 207 3644 bus,
231 3565 296 3629 fere
319 3565 503 3642 contrariiS,
535 3567 668 3650 gradum
698 3572 794 3648 atque
817 3567 920 3630 locum
942 3589 1034 3630 suum
1056 3568 1187 3650 tyranni
1210 3588 1286 3630 con-

137 3673 275 3734 servant.
321 3668 410 3733 Inest
444 3674 549 3734 autem
583 3671 616 3733 in
647 3675 782 3753 utraque
813 3676 845 3734 et
876 3670 966 3734 dolus
999 3678 1031 3734 et
1064 3671 1226 3734 simulatio
1256 3676 1287 3733 et

138 3774 271 3839 malitia.
310 3772 393 3837 Nam
417 3777 449 3838 et
471 3775 665 3857 potentiores
689 3775 809 3839 vicinos
832 3780 926 3857 atquc
948 3775 1031 3838 cives
1054 3775 1232 3851 debilitant,
1257 3781 1289 3837 et

138 3877 346 3961 prudentibus
369 3878 570 3957 insidiantur,
595 3882 627 3941 et
649 3899 776 3963 operam
790 3877 877 3954 dant,
901 3900 941 3940 ne
963 3883 1047 3942 recte
1069 3879 1211 3943 homines
1235 3880 1285 3942 in·

136 3985 321 4060 stituantur,
344 3987 377 4048 et
399 3983 552 4047 factiones
576 3984 683 4058 alunt,
716 3988 748 4046 et
770 3984 895 4065 plebem
916 4005 987 4047 curn
1009 3986 1177 4050 nobilitate
1202 4006 1286 4047 com·

134 4090 278 4169 mittunt,
302 4096 334 4154 et
355 4090 512 4154 amicitias
534 4089 699 4166 dirimunt,
723 4095 755 4152 et
777 4088 872 4152 variis
896 4089 1032 4174 negotiis
1056 4093 1203 4153 exercent
1228 4110 1284 4173 po-

133 4196 262 4276 pulum,
299 4217 338 4258 ne
371 4194 601 4279 tem[Kiij]pus
634 4197 667 4257 et
697 4194 798 4257 otium
833 4193 946 4259 lrabeat
968 4195 1098 4258 ineundi
1122 4194 1286 4259 adversum

135 4298 220 4380 ipsos
243 4300 394 4376 consilia3
418 4301 546 4379 deiude,
578 4304 614 4363 ut
637 4320 733 4382 quam
756 4298 897 4381 proxime
919 4299 1086 4363 videantur
1109 4300 1149 4363 ad
1179 4299 1286 4383 legiti-

133 4424 220 4468 mum
242 4408 274 4468 et
295 4405 420 4490 regium
442 4404 641 4471 dominatum
661 4404 815 4484 accedere,
836 4427 903 4489 prae
924 4427 958 4469 sa
980 4404 1105 4484 ferunt,
1137 4404 1286 4487 quicquid
