2858 5054
675 356 737 417 222

132 532 207 594 sunt
229 527 391 612 propiores
414 528 532 592 nostris
555 490 750 611 temporibus
774 531 806 590 et
829 529 1009 590 nostrorum
1033 527 1200 591 hominum
1217 547 1289 590 me-

132 633 240 696 moriae
262 632 436 715 pontifices
460 653 496 695 eo
520 633 687 696 deteriores
715 631 926 696 condiderunt
949 653 1093 709 canones,
1118 632 1194 695 adeo
1211 631 1288 713 qui-

133 739 218 815 dem,
254 741 291 799 nt
319 736 447 800 tandem
480 736 694 802 intolerabilia
724 737 866 820 qnaedam
890 739 922 799 et
945 736 1117 800 execranda
1139 736 1287 819 promul-

133 843 288 927 gaverint,
312 863 445 924 quorum
468 842 553 925 ipsos
576 841 728 906 hodierno
752 842 802 906 die
824 841 940 924 pudere
963 841 1064 905 debet.
1110 839 1152 904 Et
1174 843 1286 904 tamen

132 947 198 1012 haec
220 947 361 1029 ipsorum
384 947 508 1010 decreta
530 949 596 1010 tem
620 947 753 1023 sordida,
778 950 844 1010 tam
867 945 984 1030 inepta,
1008 948 1075 1009 tam
1098 946 1196 1029 impia
1216 946 1284 1028 pri·

132 1075 221 1118 mum
244 1051 414 1133 aliqnando
437 1051 540 1115 locum
564 1051 597 1115 in
622 1051 760 1116 ecclesiis
783 1050 1001 1116 obtinuerunt.
1045 1049 1195 1114 Audeant
1217 1050 1284 1113 elo·

133 1157 188 1240 qui
212 1157 337 1221 tandem
362 1178 398 1220 nc
420 1157 534 1220 diserte
556 1157 784 1238 pronuntiare,
819 1177 898 1238 quos
928 1155 1028 1219 velint
1057 1155 1196 1240 intelligi
1230 1176 1284 1219 ca·

114 1283 249 1338 nones,
278 1282 347 1325 cum
371 1260 443 1324 illos
467 1260 542 1323 adeo
574 1259 721 1324 ferociter
753 1259 908 1343 objiciunt
941 1259 1137 1324 adversariis.
1184 1258 1284 1344 Igno·

133 1370 207 1431 rant
229 1365 313 1429 haud
335 1364 444 1442 dubie,
481 1362 556 1446 quid
589 1363 651 1427 sibi
673 1364 793 1440 velint,
829 1368 861 1427 et
884 1364 1025 1448 ipsorum
1049 1363 1187 1427 maxima
1208 1385 1284 1446 pars

133 1472 209 1535 adeo
232 1474 307 1532 sunt
328 1468 377 1532 vel
400 1467 519 1532 indocti
536 1468 585 1532 vel
609 1468 806 1552 negligentes
830 1469 879 1532 vel
895 1469 1039 1552 occupati
1054 1468 1284 1551 voluptatibus,

133 1580 255 1639 utnon
279 1572 382 1656 magis
405 1592 487 1635 nove
510 1592 604 1654 quam
626 1576 733 1635 vetera
756 1572 908 1656 legerint,
944 1572 998 1635 sed
1028 1572 1132 1636 verbis
1155 1573 1285 1657 magni-

132 1679 200 1743 ficis
224 1680 256 1740 et
278 1676 317 1740 ad
339 1675 446 1740 fucum
469 1676 776 1759 ostentationemque
797 1677 985 1760 comparatis
1001 1679 1177 1761 nequitiem
1193 1699 1285 1742 suam

132 1785 255 1866 tegunt.
285 1780 327 1845 Et
342 1781 408 1845 haec
424 1781 550 1864 quidem
573 1780 657 1846 dicte
680 1781 746 1846 sint
766 1781 919 1846 hactenus
943 1783 979 1847 de
999 1783 1204 1866 jurejurando
1227 1783 1285 1848 illo

133 1887 287 1963 sollemni,
305 1887 388 1971 quod
406 1885 465 1950 etsi
477 1886 679 1970 tyrannicum
695 1888 743 1950 est
758 1889 790 1950 ct
804 1885 960 1951 violenter
975 1891 1143 1966 extortum,
1161 1891 1281 1966 tamen,

132 1993 258 2058 etiamsi
280 1993 479 2056 tolerandum
509 1995 609 2069 esset,
645 2014 709 2057 non
740 1996 845 2077 potest
873 1993 935 2056 nisi
966 1994 1004 2057 ad
1037 2015 1087 2057 res
1116 1993 1220 2056 licitas
1251 1997 1285 2057 et

133 2098 281 2163 honestas
296 2097 416 2175 referri,
441 2100 477 2161 ut
493 2118 531 2161 ex
542 2097 799 2181 jurisperitorum
814 2097 906 2162 libris
922 2099 1142 2183 multipliciter
1158 2099 1284 2164 ostendi

132 2206 246 2287 potest.
594 2190 596 2195 ¹

218 2307 269 2373 Ad
293 2309 360 2371 haeo
383 2307 499 2385 omnia,
525 2329 594 2389 quae
616 2312 860 2372 commemorata
884 2312 976 2386 sunt,
1001 2308 1087 2372 aliud
1110 2308 1206 2373 etiam
1230 2332 1284 2375 ac-

133 2413 215 2478 cedit
237 2412 381 2488 fortasse,
406 2412 489 2494 qnod
512 2411 650 2476 rationes
674 2415 763 2489 tues,
788 2411 906 2489 Caesar,
930 2412 1034 2477 reddit
1056 2413 1283 2497 impeditiores.

133 2517 260 2603 Cogitcs
284 2516 386 2595 enim,
410 2519 447 2580 ut
470 2521 517 2581 est
540 2515 706 2594 credibile,
740 2517 852 2600 quodsi
874 2518 948 2600 quid
972 2518 1028 2582 abs
1051 2523 1083 2582 te
1105 2518 1183 2597 fiat,
1220 2541 1284 2602 qno

700 2638 718 2676 ’l‘

132 2729 221 2792 hertz
243 2722 369 2792 mhssen
393 2727 558 2804 schemen,
582 2726 713 2791 Welchc
735 2724 830 2806 doch,
855 2726 969 2791 etliche
993 2728 1132 2792 hundert
1150 2728 1217 2811 jar,
1249 2730 1284 2793 in

131 2835 261 2898 kirchen
284 2834 349 2898 und
372 2832 514 2910 schdlen,
538 2831 585 2896 als
601 2831 746 2896 Artickel
762 2831 815 2895 des
838 2831 991 2915 glaubens
1014 2833 1079 2895 und
1103 2831 1201 2910 mehr,
1225 2854 1283 2918 ge·

132 2938 334 3023 pre[bl]digt
355 2937 419 3001 und
443 2936 562 3021 geleret
587 2935 711 3001 worden
734 2936 815 3000 sind.
852 2935 914 3000 Das
930 2937 975 3000 sie
997 2958 1059 3000 nur
1081 2937 1160 3001 keck
1182 2938 1281 3015 scien,

132 3044 196 3107 und
219 3044 327 3126 zeigen
351 3065 408 3120 an,
433 3064 492 3106 von
516 3039 655 3104 welchen
680 3041 834 3105 Decreten
858 3041 903 3104 sie
926 3041 1031 3105 reden.
1078 3040 1129 3106 Sic
1150 3042 1283 3105 wissens

131 3146 256 3211 freilich
278 3147 360 3211 selhs
383 3147 442 3225 nit,
466 3147 532 3212 und
554 3146 658 3210 haben
681 3146 759 3212 eben
783 3169 817 3210 so
839 3147 943 3231 wenig
966 3147 1017 3211 die
1038 3169 1134 3226 newe,
1159 3146 1205 3210 als
1230 3146 1283 3212 die

133 3251 196 3316 alte
219 3251 353 3336 gelesen.
393 3251 479 3315 Aber
501 3251 601 3315 under
624 3252 695 3316 dem
719 3251 835 3329 schein,
860 3251 915 3316 der
938 3251 1181 3335 Apostolischen
1205 3250 1283 3315 Kir-

132 3355 221 3433 chen,
245 3355 309 3419 und
333 3355 532 3440 dergleichen
555 3377 695 3440 grossen,
720 3357 965 3421 anschenlichen
987 3357 1175 3441 pr'a'chtigen
1200 3378 1283 3420 wor-

132 3466 197 3539 ten,
221 3462 301 3526 thdn
324 3463 369 3526 sie
393 3461 470 3526 elles
493 3485 557 3526 was
580 3463 624 3528 sie
646 3463 770 3527 wbllen.
803 3461 854 3526 Ire
876 3461 1096 3546 Argumenten
1120 3461 1191 3524 sind
1215 3464 1284 3525 eins

132 3567 230 3630 wider
252 3566 307 3630 das
331 3566 437 3644 ander,
462 3567 526 3631 und
548 3566 662 3630 wdllen
685 3567 751 3631 sich
767 3588 825 3651 gar
840 3567 890 3630 nit
906 3569 1052 3631 zdsamen
1068 3560 1176 3651 higen.
1209 3565 1283 3630 Und

133 3693 166 3734 10
189 3671 232 3734 vil
255 3672 298 3735 sei
328 3692 389 3735 von
411 3670 447 3735 E.
472 3671 515 3735 Μ.
540 3670 619 3751 Eid,
651 3673 717 3736 und
747 3694 810 3736 was
841 3672 937 3735 daron
970 3670 1127 3747 henchet,
1163 3669 1283 3754 geredt,

18 3820 20 3824 -
131 3777 287 3855 welcher,
322 3799 363 3840 on
395 3777 451 3840 das
480 3799 513 3841 er
545 3777 771 3862 angedrungen
804 3776 868 3840 und
891 3775 1078 3860 tyrannisch
1101 3776 1158 3852 ist,
1195 3773 1284 3837 nicht

132 3881 267 3958 weiters,
293 3882 377 3945 darm
400 3885 438 3946 nd
462 3875 667 3965 gebdrliehen
690 3880 755 3944 und
772 3877 986 3945 Christlichen
1003 3879 1121 3964 dingen
1144 3878 1211 3942 sich
1234 3899 1284 3940 er-

132 3986 285 4063 streclret,
313 3987 393 4051 such
415 3987 540 4051 weiters
563 3985 614 4049 nit
635 3986 752 4050 binden
776 4005 850 4069 meg
875 3983 980 4067 (werin
1005 4004 1039 4047 er
1061 3983 1165 4067 gleich
1187 3984 1284 4045 etwas

133 4091 240 4176 gelten
264 4092 340 4177 solt)
364 4092 423 4155 wie
444 4090 548 4155 solchs
572 4090 622 4154 die
645 4089 764 4154 Bechte
788 4090 970 4154 ausweisen.

218 4194 305 4260 Uber
328 4197 424 4261 ‹lisem
448 4197 552 4273 allem,
576 4196 638 4279 ligt
661 4193 785 4258 villicht
807 4194 842 4257 Ε.
866 4192 908 4257 Μ.
935 4195 982 4258 (111
1006 4193 1085 4258 anch
1108 4192 1158 4256 nit
1180 4189 1285 4273 wenig

132 4323 191 4378 an,
223 4323 272 4365 wo
302 4303 356 4365 der
379 4303 478 4366 Bebst
508 4301 636 4386 einigen
668 4298 818 4363 unwillen
843 4321 944 4384 gegen
968 4299 1003 4365 Ε.
1029 4298 1073 4362 Μ,
1098 4297 1202 4360 fassen
1224 4294 1283 4371 sol,

132 4406 187 4472 das
209 4406 312 4470 solchs
328 4405 363 4469 Ε.
377 4405 420 4469 Μ.
444 4406 478 4469 in
501 4406 569 4469 iren
593 4401 765 4468 Italischen
790 4403 854 4481 erb,
878 4402 942 4467 und
966 4402 1132 4466 eroberten
1155 4398 1284 4476 landen,
