2858 5054
682 408 743 469 180

135 578 234 644 tilioes
264 579 390 644 inibant
417 581 555 644 rationes
588 602 658 644 cum
691 577 803 642 Galliae
834 577 982 661 regibus,
1018 599 1081 641 non
1114 571 1285 642 admodum

135 683 327 767 longinquis,
351 704 484 766 quorum
507 683 633 772 auxiliis
656 703 720 745 non
744 680 840 745 seurel
862 682 1004 744 restituti
1026 683 1155 746 fuerant
1170 687 1202 746 et
1218 705 1284 747 ser-

136 787 212 864 vati,
236 791 272 850 ut
295 788 333 851 ad
350 787 523 852 Caesareum
546 789 698 852 honorem
721 790 815 868 atque
838 789 992 869 sceptrum
1018 786 1192 870 adjicerent
1215 787 1284 851 ani-

135 914 241 968 mum;
265 891 359 974 idque
381 892 525 956 fecerunt
548 914 610 956 uon
635 892 697 956 alio
716 890 857 968 consilio,
882 911 975 972 quam
993 896 1029 954 ut
1044 913 1127 976 aegre
1141 891 1284 956 facerent

135 996 239 1079 prisco
255 995 398 1060 Romano
414 995 538 1074 Caesari,
562 998 650 1080 cujus
673 1019 692 1059 u
713 995 885 1078 majoribus
910 999 1014 1058 tauron
1032 997 1138 1060 ornati
1154 996 1284 1059 fuerant

135 1105 166 1164 et
189 1101 222 1164 in
248 1101 326 1164 illud
356 1101 522 1185 fastigium
551 1101 668 1172 evecti,
702 1100 814 1163 deinde
845 1103 881 1162 ut
910 1105 1097 1183 perpetuum
1127 1101 1283 1165 haherent

136 1205 329 1269 defensorem
352 1205 500 1269 adversus
530 1206 730 1289 ingruentem
761 1204 827 1269 vim
858 1203 1007 1268 hostium.
1054 1203 1123 1268 Hac
1152 1205 1281 1268 tandem

134 1309 256 1371 ratione
271 1306 411 1385 Carolus,
436 1307 598 1372 Gallorum
621 1330 685 1385 rex,
708 1307 811 1371 factus
835 1310 881 1369 est
905 1308 1077 1390 imperator
1100 1308 1281 1372 occidentis.

223 1411 383 1476 Hactenus
407 1416 511 1475 autem
541 1412 665 1477 nullum
695 1411 837 1474 extitisse
866 1411 1108 1493 jusjurandum,
1143 1411 1284 1476 dubitari

134 1538 197 1581 non
222 1520 336 1599 potest.
382 1514 458 1578 Cum
483 1515 568 1579 enim
597 1515 742 1599 vigerent
774 1536 830 1597 per
853 1511 1001 1590 Italiam,
1036 1517 1068 1577 et
1101 1515 1135 1578 in
1170 1514 1282 1599 primis

135 1620 255 1698 Romae,
278 1621 526 1703 persecutiones,
550 1640 620 1683 cum
643 1618 853 1682 sollicitarent
875 1618 923 1681 illi
946 1619 1130 1696 ambitiose,
1166 1624 1202 1684 ut
1226 1622 1281 1685 ha-

135 1726 285 1789 berentur
307 1747 403 1809 supra
426 1745 624 1788 communem
649 1722 748 1806 [Piij]
771 1722 904 1785 aliorum
921 1721 1139 1804 episcoporum
1155 1728 1281 1800 sortem,

137 1852 208 1894 cum
243 1829 354 1893 deinde
387 1829 516 1894 Carolus
539 1829 674 1913 Magnus
697 1828 781 1910 ipsos
804 1826 963 1890 beneficiis
986 1826 1168 1906 devinciret,
1191 1827 1282 1892 facile

135 1935 268 2021 cogitari
298 1938 423 2018 potest,
459 1954 552 2014 quam
583 1932 664 1994 nihil
696 1932 740 1994 eis
770 1931 943 1993 detulerint
965 1929 1101 1995 Caesares
1131 1932 1281 2015 praecipui

83 2117 87 2125 Ι
134 2040 283 2116 honoris,
307 2039 346 2103 ab
369 2039 501 2102 orientis
525 2041 630 2101 autem
653 2037 709 2100 illo
732 2035 835 2118 prisco
857 2035 977 2099 Caesare
1000 2057 1063 2098 non
1087 2040 1174 2114 erat,
1199 2035 1280 2119 quod

133 2145 234 2208 ullum
257 2165 321 2207 non
343 2144 493 2207 honorem
518 2143 620 2218 modo,
648 2141 702 2204 sed
726 2162 764 2204 ne
787 2141 915 2225 signum
938 2140 1063 2224 quidem
1086 2141 1205 2205 amoris
1228 2162 1281 2204 ex·

134 2252 306 2331 pecturent.
353 2246 480 2310 Certum
512 2250 560 2310 est
590 2247 706 2329 igitur,
742 2267 805 2308 non
829 2245 930 2309 solum
954 2266 1016 2308 non
1040 2245 1184 2309 extitisse
1206 2248 1281 2308 tuno

134 2353 234 2416 ullum
254 2351 486 2434 jusjurandum,
510 2351 562 2414 sed
586 2348 688 2412 doceri
712 2371 835 2432 quoque
850 2352 954 2433 potest
970 2349 1174 2413 historiarum
1190 2347 1279 2414 testi·

702 2468 718 2504 *

134 2562 196 2625 zeit
218 2560 385 2645 gewehret,
409 2558 475 2621 dise
497 2558 621 2641 pratick
640 2556 794 2620 erfunden
810 2557 875 2634 hat,
899 2557 948 2619 die
964 2555 1071 2640 Konig
1087 2559 1125 2620 nil
1141 2556 1278 2621 Franck-

132 2665 228 2742 reich,
252 2686 314 2728 von
338 2664 494 2742 walchen,
518 2685 568 2740 er,
593 2663 649 2725 iun
672 2662 780 2725 seiuen
803 2666 931 2745 griisteu
956 2664 1069 2738 ndteu,
1094 2683 1149 2725 vor
1172 2663 1278 2728 seineu

133 2768 276 2847 feindeu,
312 2769 345 2831 in
368 2766 503 2843 Italien,
537 2770 669 2830 errettet
692 2766 756 2830 und
779 2764 921 2831 erhalteu
945 2788 1026 2844 war,
1059 2770 1097 2831 zir
1120 2767 1277 2852 bewegen,

134 2875 215 2939 nach
237 2874 308 2938 dem
331 2871 556 2937 Keiserthumb
578 2874 616 2935 zri
638 2870 804 2946 trachten,
840 2870 939 2934 deurit
968 2893 1002 2934 er
1031 2871 1139 2934 seinen
1169 2873 1277 2937 wider-

133 2981 287 3064 wertigen
311 2977 441 3052 Keiser,
475 2976 607 3040 weloher
630 2978 668 3038 zlr
692 2973 952 3058 Constantinopel
984 2976 1092 3039 seineu
1121 2997 1185 3040 sess
1213 2978 1275 3054 het,

132 3086 257 3149 trotzet.
288 3081 366 3145 Also
388 3082 430 3144 ist
453 3078 583 3143 Carolus
605 3078 713 3162 Khnig
735 3082 773 3143 ud
797 3079 1014 3157 Franchreich,
1038 3100 1140 3164 gegen
1164 3082 1277 3146 Nider·

134 3209 220 3273 gang
242 3188 297 3251 der
318 3185 455 3259 Sonnen,
480 3184 591 3249 Keiser
614 3184 750 3247 worden.

134 3291 289 3356 Bisanher
311 3291 353 3353 ist
375 3288 456 3352 noch
479 3289 553 3352 hein
576 3288 634 3352 Eid
659 3309 819 3372 genesen,
847 3287 939 3352 Denn
962 3288 1008 3352 als
1031 3289 1075 3352 sie
1098 3290 1277 3376 anfenglioh

108 3397 303 3480 ¹uerfolget,
334 3394 471 3458 darnach
494 3396 541 3458 als
563 3395 607 3457 sie
638 3413 711 3455 vom
734 3392 943 3456 Constantino
976 3393 1111 3476 hagabet
1143 3397 1277 3474 n‘urden,

134 3501 198 3565 und
221 3502 267 3565 als
290 3499 336 3564 sie
364 3499 527 3583 folgends,
562 3499 622 3561 den
646 3497 779 3560 Keisern
808 3501 933 3562 mdstcn
965 3497 1185 3578 uaohlauffen,
1221 3501 1279 3564 den

134 3606 258 3670 Primat
273 3608 311 3669 zu
327 3605 487 3687 erlangen,
505 3604 576 3685 [30]
593 3603 635 3666 ist
650 3601 711 3665 wol
727 3604 765 3665 zir
780 3622 946 3678 ermesscu,
962 3601 1016 3664 das
1028 3602 1078 3665 die
1090 3602 1280 3691 Keiser,·dus

132 3706 237 3774 httlin
251 3711 300 3772 nit
310 3710 418 3773 hatten
430 3709 552 3787 wdllcn,
566 3720 622 3772 vor
631 3708 715 3784 ineu,
727 3707 773 3770 als
784 3706 913 3770 vorireu
922 3705 1105 3785 lehenhern,
1120 3708 1277 3773 abziehen.

133 3813 223 3877 Beim
247 3813 468 3877 Griechischeu
492 3812 567 3876 oder
589 3810 808 3876 Orientischen
832 3810 958 3888 Keiser,
991 3812 1119 3875 ivdrden
1142 3813 1188 3876 sie
1211 3834 1279 3877 ver·

132 3917 259 4002 geblich
281 3918 412 3982 darumb
435 3918 626 4001 angeshchet
655 3915 767 3979 haben.
814 3913 891 3978 Also
924 3915 966 3978 ist
1001 3915 1051 3979 nit
1080 3916 1174 3980 allein
1206 3916 1279 3982 kain

132 4021 192 4085 Eid
215 4021 358 4086 daztlmal
381 4044 544 4106 genesen,
579 4020 693 4084 sonder
723 4043 797 4083 man
828 4021 890 4084 kan
923 4020 968 4084 sie
998 4022 1078 4085 auch
1110 4022 1208 4086 durch
1231 4021 1280 4085 die

132 4125 286 4190 historien
311 4121 519 4210 fiberzeugeu,
540 4126 595 4189 das
618 4125 663 4187 sie
678 4124 739 4187 ires
755 4123 982 4189 Bischthumhs
998 4126 1072 4189 oder
1088 4106 1279 4190 Bahstumbs

132 4230 352 4294 confirmation
376 4252 448 4293 vom
470 4229 581 4293 Keiser
603 4228 771 4311 empfahen
795 4233 931 4305 musteu,
954 4228 1013 4292 wie
1036 4251 1068 4293 es
1092 4230 1176 4293 daun
1200 4227 1280 4294 auch

132 4355 187 4397 zur
208 4334 269 4398 neit
291 4333 402 4397 Keiser
425 4333 513 4398 Carls
536 4333 684 4418 gehalten
708 4332 820 4396 warde.
866 4331 941 4397 Nun
966 4333 1009 4396 ist
1030 4333 1106 4397 aber
1128 4355 1201 4413 war,
1225 4334 1280 4401 das

132 4438 160 4504 ir
183 4460 302 4516 wesen,
325 4439 512 4524 regiarung,
536 4437 651 4523 praoht
672 4437 736 4502 und
759 4437 971 4526 herrschung,
995 4442 1034 4504 zrt
1056 4439 1169 4504 Keiser
1191 4439 1279 4506 Carls
