2858 5054
691 305 733 366 48

134 477 248 555 tiones,
270 497 332 560 quo
354 477 532 559 spectarent
557 479 589 540 et
611 479 764 559 quantam
788 477 892 538 essent
914 473 1013 558 ipsius
1036 496 1136 561 regno
1158 478 1190 539 et
1206 461 1288 541 aula

135 580 425 658 eladem‘allaturi,
459 581 568 644 statim
594 581 776 663 praesensit,
800 601 864 642 non
888 583 953 642 tam
976 580 1044 662 ipse
1068 602 1162 662 quam
1186 581 1287 664 ipsius

134 690 309 772 praeeeptor
331 692 363 750 et
394 685 589 763 moderator,
620 685 662 760 is,
695 685 782 767 eujus
812 705 871 766 ope
903 688 934 746 et
967 684 1099 747 oonsilio
1131 683 1286 772 sublaltus

134 791 251 868 humo,
291 790 325 853 in
362 791 485 852 tantam
524 811 556 853 se
594 787 762 852 diffuderat
799 787 1048 870 amplitudinem.
1110 787 1197 853 Idem
1236 791 1288 855 hie

135 898 308 981 praeceptor
344 893 609 974 consiliorumque
644 895 746 956 reetor
778 891 841 956 alia
874 913 997 975 quoque
1029 894 1177 975 praesidia
1209 896 1285 959 sub-

134 999 346 1076 ministrabat,
371 1020 388 1062 e
410 998 524 1080 quibus
547 996 626 1061 illud
650 1000 698 1061 est
721 997 888 1060 admodum
912 996 1055 1076 illustre,
1087 998 1171 1081 quod
1195 1022 1285 1064 man-

136 1105 191 1169 dat
213 1102 411 1179 hominibus,
442 1106 478 1166 ut
507 1123 571 1165 non
596 1101 687 1164 modo
711 1122 776 1164 non
799 1101 908 1185 legant
939 1122 1067 1166 suorum
1090 1103 1285 1168 adversario-

134 1231 205 1273 rum
239 1209 356 1284 libroS,
390 1205 596 1270 verumetiam
626 1227 666 1269 ne
694 1204 800 1269 Biblia
829 1205 955 1288 quidem
989 1207 1066 1289 ipsa.
1114 1207 1191 1283 Quis
1222 1207 1284 1286 hie,

134 1314 218 1392 aedo,
242 1316 352 1377 tantus
375 1314 422 1375 est
443 1310 556 1376 furor?
596 1309 792 1392 Scripturam
816 1310 921 1394 regius
943 1309 1098 1393 propheta
1120 1316 1211 1374 voeat
1233 1311 1285 1375 lu-

134 1440 260 1483 cernam
283 1439 319 1482 ao
340 1415 438 1479 veluti
461 1415 562 1480 facem
586 1415 619 1479 in
643 1414 781 1479 tenebris
804 1415 1034 1497 praelucentem.
1075 1414 1167 1478 Hane
1182 1416 1284 1498 ipsam

134 1522 235 1587 facem
258 1525 452 1607 praeeuntem
474 1521 577 1598 nebia,
601 1542 664 1602 qua
686 1520 773 1584 nullo
798 1543 938 1604 unquam
962 1524 1103 1603 tempore
1119 1542 1284 1603 possumus

136 1649 249 1705 carere,
273 1627 383 1692 multis
406 1630 480 1692 ante
503 1625 624 1690 saeoulis
647 1630 679 1690 et
701 1626 880 1690 extinxerat
903 1626 973 1703 iste,
997 1629 1030 1688 et
1051 1647 1136 1690 nuno
1157 1632 1284 1709 postea-

136 1754 230 1815 quam
253 1732 409 1818 singulari
432 1737 464 1796 et
486 1732 692 1796 inenarrabili
715 1732 866 1796 beneficio
889 1730 948 1796 Dei
971 1731 1073 1814 patris
1096 1732 1214 1795 iterum
1237 1736 1285 1796 est

135 1860 264 1903 aceensa
286 1837 395 1915 nobis,
429 1838 530 1902 denuo
554 1841 685 1903 oonatur
708 1838 854 1902 omnibus
886 1837 987 1902 modis
1017 1836 1210 1920 deprimere,
1245 1860 1284 1902 ne

134 1942 253 2020 luceat,
275 1941 414 2025 adeoque
436 1941 506 2006 vult
529 1946 562 2006 et
584 1942 723 2019 mandat,
748 1945 784 2004 ut
806 1941 910 2024 ipsum
933 1944 1106 2025 sequantur
1128 1942 1282 2021 homines,

134 2067 192 2110 neo
215 2046 254 2109 ab
277 2046 344 2129 ejus
366 2046 515 2111 aberrent
537 2047 697 2131 vestigiis,
729 2046 855 2110 etiamsi
884 2047 977 2112 ducat
1000 2047 1033 2110 in
1056 2046 1276 2130 praeeipitium.

133 2150 185 2216 Sic
208 2151 292 2214 enim
315 2150 433 2214 habant
456 2153 523 2235 ejus
546 2151 670 2215 decreta
692 2152 784 2216 elaris
809 2155 842 2215 et
863 2151 988 2216 disertis
1010 2151 1124 2217 verbis.
1166 2150 1283 2226 Quam·

134 2256 189 2319 diu
211 2276 345 2340 regnum
367 2255 433 2338 ejus
455 2255 578 2333 floruit,
612 2255 694 2319 nihil
721 2261 789 2320 erat
814 2257 978 2334 sollicitus,
1009 2277 1065 2320 nee
1092 2277 1233 2340 unquam
1256 2257 1283 2321 ei

136 2360 283 2426 veniebat
305 2360 339 2424 in
362 2365 510 2438 mentem,
542 2366 578 2425 ut
604 2383 699 2426 saorae
722 2362 887 2444 seripturae
917 2361 1083 2426 lectionem
1112 2359 1282 2438 inhiberet,

135 2465 223 2550 eujus
246 2465 543 2549 interpretationem
572 2469 604 2530 et
639 2466 896 2551 dijudicationem
931 2487 1040 2530 omnes
1074 2465 1114 2530 ab
1136 2464 1205 2548 ipso
1227 2487 1283 2549 pe·

700 2585 718 2624 a

134 2671 206 2756 [22]
241 2673 325 2738 Tant
354 2696 415 2758 que
440 2696 498 2738 son
525 2696 622 2760 regne
644 2697 662 2738 a
684 2676 749 2739 este‘
773 2697 811 2740 en
838 2676 936 2754 fleur,
970 2674 994 2738 il
1017 2695 1056 2737 ne
1082 2693 1113 2736 se
1138 2672 1280 2751 souoioit,

133 2780 166 2842 et
181 2798 221 2840 ne
236 2798 334 2860 pensa
352 2799 470 2861 onques
486 2779 523 2843 de
546 2777 693 2844 defendre
715 2779 747 2842 la
770 2780 887 2844 lecture
906 2779 944 2842 de
955 2777 1137 2843 l'Eseriture
1149 2776 1278 2853 saincte,

132 2903 191 2966 par
207 2903 241 2946 ee
256 2904 317 2965 que
332 2886 403 2947 tous
430 2889 617 2968 reeevoyent
633 2905 690 2947 son
714 2884 958 2968 interpretation
971 2888 1003 2948 et
1012 2883 1109 2960 advis,
1132 2882 1275 2968 signam·

700 3006 717 3045 *

134 3091 227 3174 [136]
257 3092 396 3158 Mientra
423 3116 483 3178 que
509 3117 546 3158 su
563 3095 674 3179 Reyno
697 3094 830 3173 floreeia,
855 3114 896 3157 no
923 3092 1010 3156 tenia
1029 3096 1131 3156 temor
1158 3091 1196 3155 de
1223 3114 1280 3156 na-

135 3196 191 3275 da,
226 3197 260 3260 ni
282 3220 386 3262 nunea
410 3200 439 3262 le
461 3221 552 3281 passo
583 3221 641 3284 por
665 3201 693 3264 el
727 3197 944 3282 pensamiento
972 3197 1009 3259 de
1039 3196 1186 3260 defendor
1222 3218 1282 3279 que

135 3322 176 3365 no
191 3322 225 3364 se
250 3301 368 3386 leyesse
400 3303 431 3367 la
461 3305 595 3389 sagrada
621 3304 822 3389 Eseriptura,
845 3324 965 3386 porque
988 3302 1077 3366 todos
1099 3301 1147 3365 los
1170 3323 1231 3384 que
1252 3302 1283 3366 la

135 3405 238 3490 leyan,
263 3427 323 3489 que
345 3430 420 3472 eran
443 3432 519 3494 muy
537 3430 640 3493 pocoS,
664 3434 685 3495 y
709 3432 772 3474 aun
803 3431 871 3473 mas
900 3428 994 3491 pocos
1019 3407 1066 3470 los
1098 3428 1159 3488 que
1182 3406 1213 3470 la
1236 3411 1282 3470 te-

700 3531 716 3568 *

133 3615 245 3693 haret,
280 3617 343 3679 und
366 3617 545 3682 dermassen
570 3618 707 3682 erkannt
735 3619 795 3696 ist,
831 3619 885 3682 das
909 3639 942 3681 er
965 3639 1031 3680 nun
1054 3611 1216 3680 hinfdrter
1239 3639 1279 3681 an

134 3722 237 3787 seiner
259 3721 476 3805 gewonliehen
498 3726 634 3807 riistung
657 3724 721 3787 und
754 3722 943 3808 gegenwehr
977 3721 1058 3786 selbs
1087 3721 1281 3784 veraweiflen

132 3831 212 3892 mus.
258 3824 299 3890 So
322 3825 389 3890 will
412 3827 456 3889 im
479 3826 622 3891 dennooh
644 3850 705 3891 von
729 3832 825 3892 notan
848 3828 924 3904 sein,
948 3826 1014 3891 will
1037 3848 1071 3889 er
1094 3825 1206 3890 andere
1232 3825 1282 3888 nit

133 3952 191 4017 gar
212 3930 365 3995 verlieren
391 3952 453 3994 was
476 3952 511 3993 er
532 3930 611 3995 nooh
635 3926 745 4016 fibrigs
767 3932 849 4008 hatt,
872 3931 936 3994 und
960 3931 1014 3994 der
1035 3929 1110 3994 welt
1132 3932 1171 3993 ad
1193 3932 1281 4012 spott

133 4036 267 4112 werden,
291 4035 405 4100 andere
428 4034 532 4099 mittel
554 4036 619 4098 und
643 4035 718 4100 hilff
736 4039 775 4100 ad
797 4035 925 4100 adohen.
972 4035 1036 4099 Das
1062 4034 1124 4098 kan
1150 4055 1183 4098 er
1207 4033 1282 4097 aber

133 4138 336 4218 meisterlioh,
359 4140 425 4203 und
447 4139 503 4203 hat
526 4139 618 4204 einen
641 4140 780 4205 subtilen
803 4141 906 4219 Radt,
930 4142 983 4204 der
1006 4138 1191 4224 anfenglioh
1213 4140 1280 4204 sein

133 4243 352 4310 sohdlmeister
372 4264 537 4329 gewesen,
572 4245 638 4308 und
668 4245 701 4308 in
733 4245 904 4309 derhalben
931 4247 996 4329 jeta
1018 4245 1052 4307 in
1076 4244 1130 4308 der
1152 4249 1210 4310 not
1233 4244 1284 4308 nit

134 4349 194 4418 wol
222 4348 380 4414 verlassen
410 4348 483 4417 kan.
