2858 5054
727 362 789 428 194

180 541 239 605 bus
261 543 294 603 et
323 537 523 622 amplificare.
569 535 675 600 Nimis
706 535 791 599 enim
821 556 939 620 magna
968 536 1012 601 sit
1041 557 1077 599 ea
1108 533 1263 611 servituS,
1300 537 1336 597 et

182 644 312 708 omnino
334 643 417 721 talis,
442 665 512 726 quae
534 646 638 707 careat
659 641 811 724 exemplo.
851 640 956 705 Cliens
978 641 1094 724 aliquis
1116 643 1172 705 aut
1194 639 1334 703 libertus

180 751 273 815 debet
287 752 422 834 patrono
438 748 541 826 fidem,
565 769 675 831 operas
691 751 722 811 et
738 746 932 833 obsequium,
956 747 1010 811 sed
1028 747 1061 809 in
1078 745 1171 810 rebus
1187 743 1334 808 honestis

180 860 212 919 et
235 877 305 939 quoe
327 875 391 918 non
414 855 480 917 sint
509 857 619 918 eontra
651 853 749 916 bonas
780 873 890 914 mores.
936 851 1028 928 Jam,
1063 851 1090 914 si
1118 848 1264 933 pontifex
1297 847 1332 910 in

179 960 273 1024 rebus
296 958 441 1023 civilibus
464 957 584 1040 aliquid
599 959 714 1039 praeter
725 956 777 1039 jus
793 961 825 1021 et
843 977 967 1040 aequum
985 955 1144 1032 moliatur,
1167 975 1245 1017 num
1261 950 1330 1016 (3ae-

180 1086 232 1127 sar
244 1062 447 1147 jurejurando
463 1062 508 1126 sic
523 1061 725 1139 coercebitur,
751 1064 788 1125 ut
803 1060 881 1125 illud
897 1060 1063 1143 permittat
1078 1064 1110 1124 et
1125 1057 1331 1123 dissimulet?

179 1167 213 1232 Si
235 1168 380 1251 pontifex
403 1167 534 1248 impiam
557 1165 732 1228 doctrinam
754 1168 787 1230 et
809 1164 964 1229 idolorum
988 1166 1092 1229 cultus
1114 1165 1147 1227 in
1180 1161 1329 1226 ecelesias

180 1295 243 1336 non
268 1272 385 1336 inferat
407 1272 520 1348 moda,
555 1272 608 1335 sed
631 1274 662 1334 et
685 1273 882 1354 propugnet,
917 1271 943 1333 si
966 1270 1132 1333 confirmet
1154 1287 1275 1331 errores
1298 1269 1330 1330 et

179 1378 311 1454 abusuS,
335 1398 412 1439 num
435 1376 469 1438 in
493 1397 529 1440 eo
552 1375 732 1440 connivebit
755 1373 873 1452 Caesar,
897 1378 930 1438 et
952 1377 1056 1438 totum
1078 1373 1138 1438 hoe
1160 1370 1329 1436 laudabit?

179 1480 212 1545 si
236 1480 396 1565 pontifex,
421 1481 458 1544 <le
481 1480 531 1544 his
554 1481 646 1544 rebus
668 1479 816 1545 omnibus
839 1482 1019 1556 accusatae,
1043 1477 1188 1562 legitimo
1208 1475 1329 1559 judicio

179 1607 213 1649 se
236 1585 317 1648 nolit
340 1585 460 1662 sistere,
484 1607 561 1648 num
583 1583 696 1663 Oaesar,
719 1587 805 1647 metu
825 1583 1050 1668 jurisjurandi,
1080 1583 1212 1658 videns,
1244 1579 1330 1644 nihil

180 1689 319 1766 videbit,
351 1689 498 1767 audiens,
533 1689 615 1753 nihil
639 1689 767 1753 audiet?
802 1710 879 1751 num
902 1691 1047 1752 accusato
1070 1687 1107 1750 de
1129 1683 1328 1770 gravissimis

181 1793 366 1860 criminibus
388 1795 569 1877 permittet,
601 1796 638 1857 ut
667 1793 702 1856 in
728 1815 785 1856 sua
806 1793 874 1874 ipse
896 1814 989 1856 causa
1008 1791 1103 1874 judex
1125 1792 1157 1853 et
1180 1787 1329 1874 cognitor

179 1899 301 1977 sedeat,
324 1903 356 1962 et
378 1921 435 1962 sua
457 1899 586 1963 damnet
608 1899 674 1981 ipse
695 1898 841 1983 flagitia?
887 1896 947 1976 Et,
972 1897 998 1961 si
1023 1896 1140 1971 Caesar,
1174 1894 1258 1977 quod
1281 1896 1329 1957 est

179 2004 277 2068 officii
298 2005 357 2084 sui,
379 2004 485 2082 faeiat,
509 2005 537 2068 si
559 2026 659 2069 eausae
679 2003 893 2088 cognitionem
908 2003 947 2066 ad
962 2025 995 2066 se
1011 1999 1191 2077 transferat,
1216 2001 1248 2062 et
1269 2016 1328 2079 pro

179 2109 334 2172 tribunali
356 2110 479 2187 sedeat,
502 2131 579 2173 num
602 2109 830 2173 absterrebitur
852 2113 884 2172 et
906 2131 925 2171 a
948 2129 1005 2172 suo
1027 2125 1156 2169 munere
1179 2102 1327 2181 discedet,

745 2231 762 2270 e

182 2319 244 2382 und
267 2318 467 2397 handhaben,
491 2320 569 2384 auch
592 2320 695 2382 nimer
717 2319 798 2383 ichts
822 2319 959 2382 dawider
980 2320 1019 2381 ad
1040 2317 1138 2392 thuu,
1162 2313 1329 2397 verpflicht

180 2423 244 2485 sein
271 2418 365 2487 milst.
411 2424 476 2488 Das
500 2446 580 2488 were
607 2426 642 2508 ja
664 2425 714 2489 eiu
738 2424 825 2489 solch
849 2423 1055 2508 eigenthumb
1078 2420 1143 2484 und
1165 2420 1327 2502 bezwang,

180 2526 378 2612 desgleiahen
400 2529 435 2592 iu
458 2530 513 2593 der
534 2532 609 2594 welt
630 2531 683 2594 nie
705 2530 837 2614 gehbret
860 2531 911 2593 ist.
958 2527 1018 2592 hin
1043 2527 1208 2591 Lehnman
1232 2524 1275 2588 ist
1292 2524 1326 2607 ja

179 2634 297 2698 seinem
321 2634 445 2700 Herren
467 2632 671 2701 nit'weiters
701 2637 904 2714 verbunden,
939 2635 1023 2698 dana
1055 2632 1088 2695 iu
1120 2624 1327 2715 gebllrlichen

179 2739 307 2824 dingen,
331 2741 434 2805 dienst
458 2741 522 2804 und
544 2742 710 2825 gehersam
732 2746 770 2806 afr
793 2741 913 2805 leisten.
952 2738 1035 2803 Wen
1058 2758 1124 2800 nun
1148 2735 1200 2799 ein
1217 2734 1325 2815 Bapst,

179 2845 260 2909 auch
283 2845 316 2909 in
339 2847 515 2911 weltliahen
540 2846 669 2932 dingen,
692 2851 789 2911 etwas
811 2839 1036 2930 ungebdrlichs
1059 2861 1218 2915 verneme,
1246 2836 1325 2901 solbe

180 2949 312 3013 darumb
343 2951 393 3014 ein
416 2951 547 3030 Keiser,
582 2952 616 3015 in
648 2951 746 3014 krafft
774 2951 837 3014 und
870 2972 932 3015 von
954 2970 1063 3033 wegen
1087 2947 1140 3010 des
1162 2943 1323 3028 gethonen

179 3049 263 3128 Eids,
288 3053 332 3114 im
355 3053 450 3119 darad
473 3054 684 3132 beizdstehen,
709 3055 774 3118 und
796 3053 886 3118 niehs
909 3052 1046 3116 dawider
1067 3055 1106 3115 zfr
1128 3049 1230 3124 thun,
1257 3066 1325 3110 ver-

180 3156 308 3219 bunden
329 3157 420 3219 sein?
458 3157 616 3223 Wunder
639 3159 739 3223 Babst
761 3159 859 3243 grobe
881 3156 1072 3222 unleidliche
1094 3152 1239 3218 irthumb
1262 3147 1325 3213 und

179 3259 367 3337 misbreuch,
390 3261 440 3325 nit
463 3263 557 3326 allein
581 3263 772 3340 auffrichtet,
797 3263 910 3327 sonder
933 3262 1012 3326 auch
1035 3263 1246 3347 verteidingt,
1279 3265 1325 3328 sol

179 3364 223 3427 im
247 3365 296 3428 ein
320 3365 431 3430 Keiser
461 3363 586 3431 mdsseu
609 3369 743 3433 zdsehen
767 3370 832 3432 und
854 3368 958 3432 solchs
981 3367 1057 3432 alles
1079 3368 1198 3432 laben?
1244 3369 1325 3433 Wen

179 3491 212 3532 er
226 3469 341 3534 Ketzer
355 3470 618 3556 undAbgbtterei
642 3474 766 3552 stifftet,
790 3476 837 3538 sol
860 3474 911 3538 ein
935 3473 1046 3538 Keiser
1068 3495 1165 3558 sagea
1188 3469 1324 3553 meissen,

179 3595 211 3637 es
234 3574 276 3638 sei
301 3576 389 3639 recht
411 3577 553 3660 gethan?
588 3577 671 3643 Wen
693 3601 727 3643 er
749 3579 833 3643 seins
856 3574 1105 3663 ungebdrlichen
1129 3599 1325 3656 vernemens,

178 3680 280 3743 seiner
304 3679 462 3760 irthumb,
498 3682 696 3760 misbreuch,
730 3682 846 3746 Ketzer
869 3682 932 3746 und
956 3680 1182 3766 Abgbttereien
1207 3681 1323 3747 halben

178 3785 364 3868 angeclagt,
399 3779 585 3850 dberweiset
606 3786 671 3850 und
694 3781 882 3870 bberzeuget
904 3806 1004 3863 were,
1039 3785 1085 3849 sol
1109 3785 1253 3850 dennoch
1274 3787 1325 3850 ein

87 3926 89 3930 ν
178 3885 298 3965 Keiser,
323 3888 356 3951 in
379 3888 546 3975 ansehung
569 3891 621 3954 des
645 3890 806 3975 gethonen
827 3889 912 3968 Eids,
936 3889 1036 3954 ohren
1058 3891 1121 3954 und
1146 3911 1250 3974 augeu
1271 3894 1325 3956 nd·

177 3990 269 4069 thun,
292 3992 358 4056 und
380 3992 434 4072 im,
458 3994 528 4058 dem
551 3996 771 4080 angeelagten,
794 3994 874 4059 auoh
890 3990 1111 4079 liberneugten,
1136 3995 1191 4058 das
1207 3994 1325 4059 urtheil

176 4091 303 4161 mdsseu
325 4097 409 4162 heim
432 4101 565 4178 stellen,
599 4102 663 4165 und
693 4102 803 4165 deser
826 4102 859 4164 in
883 4100 986 4165 seiner
1008 4100 1091 4164 selbs
1114 4101 1187 4183 [37]
1210 4100 1325 4166 sachen

176 4199 294 4264 richter
318 4203 419 4266 were?
463 4203 537 4267 Und
560 4225 608 4268 wo
630 4204 680 4268 ein
705 4203 825 4282 Keiser,
851 4204 901 4268 die
923 4204 998 4268 sach
1020 4208 1058 4268 nd
1080 4203 1209 4267 hertzen
1231 4198 1324 4268 fdren

176 4303 241 4367 und
263 4304 353 4369 darin
378 4311 474 4370 etwas
496 4309 722 4374 entsahliessen
744 4308 841 4386 wblt,
878 4311 925 4374 sol
955 4331 989 4374 er
1018 4307 1086 4372 sich
1115 4303 1242 4374 mdssen
1268 4307 1324 4373 ab·

176 4407 343 4475 schrecken
368 4412 481 4493 lassen,
505 4437 573 4478 wen
590 4415 634 4478 im
650 4415 705 4478 der
721 4414 821 4479 Babst
842 4437 940 4501 sagea
964 4416 1062 4494 wurd,
1086 4413 1216 4480 hbrestu
1238 4413 1324 4478 mein
