2858 5054
734 346 797 409 214

189 517 419 594 adhibuerunt,
454 537 624 600 eorumque
652 516 752 581 seonti
775 520 850 579 sunt
873 516 1104 580 auctoritatem.
1150 513 1231 579 Cum
1255 517 1351 583 enim

187 623 281 686 unius
304 622 437 685 arbitrio
458 621 689 704 permittuntur
711 620 834 698 omnia,
858 620 928 684 fieri
949 642 1013 684 non
1037 622 1162 703 potest,
1198 620 1281 702 quin
1314 626 1350 687 et

189 729 382 811 impotenter
411 730 443 789 et
471 726 617 790 seditiose
640 729 673 789 et
695 725 803 807 inique
826 725 928 789 multa
949 725 1038 788 fiant.
1084 724 1234 789 Pontifex
1258 748 1347 806 vero,

188 832 263 915 quia
285 834 371 896 solus
393 831 552 895 dominari
575 829 676 894 voluit
698 829 862 907 omnibus,
894 851 1026 912 eamque
1055 832 1245 912 potestatem
1280 831 1347 896 sibi

189 958 253 1000 non
275 937 371 1000 verbo
394 939 520 1000 tantum
542 938 685 1018 usurpat,
709 934 762 998 sed
778 956 812 998 re
829 955 952 1017 quoque
969 933 1124 1010 vendicat,
1148 955 1213 997 non
1233 936 1346 1018 potuit

189 1064 253 1106 non
277 1041 345 1104 fieri
368 1043 534 1124 tyrannus.
581 1037 648 1103 Neo
670 1043 727 1115 est,
751 1040 835 1122 quod
856 1038 958 1102 ullum
981 1041 1125 1121 speretur
1148 1037 1188 1101 ab
1211 1058 1248 1102 eo
1272 1039 1345 1104 lau-

188 1148 297 1211 datum
313 1145 500 1229 exemplum,
518 1145 668 1228 quamdiu
683 1144 836 1213 consistet
852 1144 883 1207 in
901 1165 938 1207 eo
954 1143 1092 1208 lieentiae
1107 1143 1220 1228 gradu,
1245 1165 1345 1227 quem

190 1252 344 1316 hactenns
366 1249 516 1313 obtinuit.

188 1356 264 1431 Quae
286 1376 357 1418 oum
380 1354 427 1417 ita
449 1353 533 1431 sint,
556 1353 649 1418 debes
672 1353 802 1417 omnino
826 1353 999 1436 providere,
1023 1350 1141 1432 Caesar,
1174 1356 1211 1416 ut
1234 1354 1346 1419 omnia
1374 1394 1376 1400 .

188 1464 244 1524 tna
267 1458 398 1524 consilia
420 1458 537 1522 referas
560 1458 599 1522 ad
616 1438 840 1522 illustrandam
856 1457 992 1542 gloriam
1010 1455 1079 1534 Dei,
1103 1460 1134 1521 et
1149 1478 1344 1542 recuperan-

188 1563 260 1627 dam
284 1561 462 1626 Germaniae
484 1562 760 1646 tranquillitatem.
808 1563 898 1639 Qnod
931 1584 1006 1626 sane
1035 1562 1105 1625 fieri
1136 1583 1200 1625 non
1223 1566 1344 1646 potest,

190 1668 251 1732 nisi
274 1668 314 1731 ab
337 1667 393 1730 illa
422 1667 586 1749 pontificia
616 1669 767 1732 servitute
795 1667 828 1730 in
860 1668 1041 1731 libertatem
1075 1667 1269 1750 proclames,
1308 1690 1346 1734 ao

185 1773 407 1858 jusjurandum
431 1772 510 1835 illud
532 1772 716 1850 violentum,
741 1772 952 1856 tyrannicum,
976 1771 1037 1835 tibi
1059 1771 1187 1855 tuisque
1206 1773 1344 1856 majori·

188 1879 246 1942 bus
270 1881 438 1954 extortum,
463 1881 495 1940 et
517 1880 573 1940 tuo
588 1875 755 1959 splendore
770 1876 949 1960 indignum,
972 1876 1066 1958 plane
1082 1875 1214 1959 rejicias.
1254 1875 1344 1942 Nam
1424 1900 1426 1910 ⁴

190 1981 364 2046 eommunis
389 1979 553 2044 hominum
586 1980 671 2044 salus
700 1983 732 2044 et
754 1979 873 2044 Christi
907 1979 1010 2064 gloria
1044 1980 1159 2044 debent
1193 1982 1344 2047 omnibus

188 2087 282 2150 rebus
298 2084 455 2160 humanis,
480 2082 616 2148 maxime
626 2104 700 2148 vero
715 2084 849 2167 privatis
864 2084 1123 2168 paucissimorum
1140 2085 1343 2167 quorundam

189 2191 383 2256 utilitatibus
406 2188 565 2253 anteferri.

278 2293 313 2358 si
336 2295 491 2370 clamant,
523 2292 606 2374 quod
629 2292 747 2371 solent,
779 2297 812 2356 et
835 2314 950 2378 magno
974 2295 1141 2378 supercilio
1163 2295 1343 2379 loquuntur

761 2413 778 2450 sk

189 2502 247 2567 hat
267 2506 381 2586 m'dgen
400 2500 482 2567 rhun
499 2523 562 2566 was
585 2501 619 2565 in
643 2502 749 2568 lustet.
785 2501 858 2566 Und
882 2503 925 2567 ist
949 2504 1019 2587 [46]
1043 2525 1105 2567 von
1129 2505 1215 2569 alten
1238 2506 1344 2573 zeiten

188 2606 237 2670 bis
260 2606 327 2670 anff
346 2605 499 2692 heutigen
522 2610 578 2690 lag
599 2606 782 2684 hortamen,
806 2607 861 2672 das
884 2608 930 2672 sie
950 2609 1041 2673 deren
1059 2609 1150 2673 stend
1168 2612 1343 2695 811111111-

190 2732 280 2795 nung
302 2711 453 2789 anhbren,
475 2711 541 2775 und
564 2711 619 2775 der
641 2712 748 2776 selben
772 2713 905 2798 pflegen.
947 2712 1048 2778 Dweil
1072 2736 1137 2783 nun
1163 2715 1217 2779 der
1239 2715 1344 2800 Bapst

189 2810 267 2880 fiber
300 2817 350 2880 die
380 2820 494 2901 gantae
525 2817 601 2881 welt
631 2817 726 2881 allein
761 2817 828 2880 sein
858 2818 931 2895 wil,
967 2819 1026 2883 wie
1059 2840 1092 2882 er
1125 2819 1344 2887 austruoklioh

189 2920 349 2999 sehreibt,
384 2923 448 2985 und
471 2921 532 2985 mit
555 2921 609 2984 der
631 2920 703 2985 that
725 2921 861 3006 erzeiget
882 2921 957 2999 hat,
992 2943 1026 2985 so
1057 2922 1113 2987 hat
1144 2923 1225 2987 aueh
1248 2924 1342 2990 niebs

190 3027 310 3105 andere,
335 3027 421 3090 daun
443 3027 494 3090 ein
517 3029 613 3110 tyran
635 3047 691 3089 aus
714 3025 758 3089 im
781 3026 905 3090 werden
928 3032 1053 3111 m'ogen,
1080 3027 1280 3112 desgleiehen
1299 3029 1344 3096 ist

189 3128 271 3193 anob
291 3130 382 3194 niohs
405 3130 517 3195 andern
538 3152 600 3194 von
623 3131 666 3194 im
689 3135 728 3195 nd
751 3136 920 3215 gewarten,
944 3153 978 3196 so
1002 3134 1078 3217 lang
1094 3133 1138 3196 im
1155 3134 1341 3201 (1111111111-

190 3233 325 3319 williger
347 3236 444 3299 frevel
466 3239 620 3319 gestattet
642 3236 724 3299 wint.
1303 3290 1312 3306 .

276 3338 379 3403 Dweil
402 3341 471 3404 dem
495 3362 538 3403 nu
562 3339 627 3404 also
650 3340 710 3419 ist,
738 3341 785 3404 sol
809 3340 843 3404 Ε.
869 3341 912 3408 Μ.
938 3343 969 3405 11
995 3342 1093 3406 disem
1115 3341 1221 3408 hellen
1244 3344 1343 3412 lieeht
1393 3368 1400 3373 ·

191 3445 245 3508 der
259 3445 401 3522 warheit,
425 3445 516 3509 niohs
533 3446 657 3524 andere,
681 3447 766 3510 dann
789 3468 854 3511 was
877 3451 916 3513 zu
933 3445 1043 3512 Gottes
1066 3447 1174 3525 ehren,
1198 3448 1263 3512 und
1287 3450 1344 3516 der

189 3552 326 3634 gantzen
350 3548 565 3614 Christenheit
587 3550 733 3629 wolfart,
758 3551 838 3616 auch
862 3555 900 3616 111
924 3551 1095 3616 Teutseher
1118 3551 1238 3618 Nation
1261 3558 1343 3640 ruge

189 3656 253 3719 und
276 3655 390 3733 friden,
415 3655 552 3719 dienlioh
577 3657 640 3720 und
664 3656 835 3742 notlirfftig
857 3657 909 3735 ist,
935 3657 1083 3722 ansehen.
1129 3657 1259 3722 Welohs
1291 3660 1343 3724 nit

190 3760 366 3825 beschehen
397 3781 491 3845 mag,
527 3783 559 3825 es
594 3765 710 3826 errette
738 3762 805 3827 sich
835 3763 918 3827 denn
941 3761 977 3826 Ε.
1001 3762 1045 3826 Μ.
1069 3783 1125 3827 ans
1148 3762 1202 3826 des
1224 3762 1342 3846 Bapsts

189 3865 377 3948 tyranneien
399 3866 464 3929 und
488 3866 655 3951 bezwang,
685 3867 858 3931 widerumb
882 3867 913 3931 in
940 3868 1085 3944 freiheit,
1116 3869 1180 3932 und
1202 3867 1250 3932 las
1273 3868 1342 3934 siah

191 3969 250 4033 den
273 3969 557 4055 abgezwungenen,
582 3972 802 4049 nnredliohen,
827 3972 1039 4057 mritwilligen
1062 3972 1139 4050 Eid,
1163 3993 1219 4036 aus
1242 3973 1342 4058 obge-

191 4075 308 4139 melten
331 4075 494 4153 ursaohen,
518 4076 609 4140 111111
631 4077 799 4142 anfeehten
822 4077 903 4141 nooh
926 4076 1083 4162 bewegen.
1120 4075 1213 4140 Denn
1235 4080 1342 4161 gottes

191 4179 256 4256 ehr,
281 4179 345 4243 und
368 4181 511 4264 gemeine
533 4182 673 4259 wolfart,
693 4182 735 4246 ist
758 4203 816 4266 gar
832 4182 905 4247 weit
920 4182 995 4247 weit
1016 4177 1094 4246 fiber
1117 4181 1164 4246 dis
1187 4180 1342 4247 heillosen

193 4283 313 4348 hauffes
335 4284 465 4369 glimpff
488 4286 553 4350 und
576 4287 745 4351 besondere
768 4291 921 4371 nutzung.

278 4388 386 4454 Wenn
409 4389 455 4454 sie
478 4390 630 4470 schreien,
654 4391 703 4455 die
726 4390 858 4471 V'atter,
883 4390 1063 4470 Concilien,
1086 4390 1257 4470 Decreten,
1281 4390 1341 4457 (la-
