2858 5054
707 309 769 372 232

163 486 314 572 gladium,
339 487 371 549 et
393 484 452 547 hac
474 504 546 546 eum
569 485 663 546 exuat
686 482 852 565 potestate,
877 503 972 563 quam
989 481 1099 545 multis
1112 482 1178 564 jam
1194 482 1317 547 saeculis

164 592 197 655 in
221 590 430 674 plurimorum
453 588 625 672 perniciem
648 585 813 650 convertit.
853 584 896 649 Et
918 606 1002 662 sane,
1027 586 1054 648 si
1076 586 1241 650 tolleretur
1264 587 1315 650 in-

163 698 375 758 strumentum
399 693 496 769 illud,
530 691 613 776 quod
642 713 705 754 non
729 691 852 775 patitur
875 713 946 754 eum
968 712 1035 754 esse
1058 692 1161 755 virum
1184 693 1314 772 bonum,

164 799 265 863 multo
288 799 411 863 felicius
434 800 581 882 ageretur
604 817 675 860 oum
698 795 775 878 ipso.
821 793 905 858 Nam
928 795 1010 860 sicut
1033 795 1182 875 ambitio,
1213 797 1316 861 fastus

163 907 196 968 et
218 903 351 967 avaritia
374 923 498 966 causam
523 900 694 976 dederunt,
728 903 765 962 ut
793 921 831 962 ex
863 921 927 962 uno
957 899 1080 984 flagitio
1112 901 1256 985 delapsus
1280 902 1314 966 in

163 1008 259 1085 aliud,
278 1005 514 1071 Antichristum
530 1004 621 1068 nohis
637 1003 803 1086 exprimat,
828 1003 874 1066 ita
891 1023 1015 1085 quoque
1030 1004 1100 1069 fieri
1115 1027 1179 1068 non
1197 1010 1313 1088 potest,

166 1116 203 1176 ut
224 1112 273 1176 vet
297 1111 384 1174 Petri
405 1109 455 1174 vel
477 1108 692 1193 apostolorum
716 1127 873 1170 successor
896 1105 1007 1170 haberi
1030 1108 1151 1187 debeat,
1179 1111 1241 1174 nisi
1264 1133 1314 1174 re·
1391 1141 1395 1149 r

162 1219 235 1283 deat
258 1220 344 1281 totus
367 1216 407 1280 ad
428 1214 600 1298 pristinum
623 1211 703 1274 illud
726 1233 818 1274 suum
841 1232 955 1273 munus
985 1212 1249 1291 ecclesiasticum,
1283 1219 1316 1278 et

163 1323 290 1407 cogitet,
315 1321 392 1385 satis
415 1320 478 1403 ipsi
501 1317 637 1381 multum
660 1317 764 1380 oneris
787 1315 973 1397 impositum
995 1338 1014 1379 a
1036 1315 1121 1396 Deo,
1156 1340 1213 1383 nec
1235 1341 1314 1402 opus

164 1449 247 1504 esse,
280 1430 315 1488 ut
344 1447 455 1509 regum
487 1445 519 1486 se
552 1419 681 1505 nego[V
690 1420 796 1503 iij]tiis
820 1419 995 1484 immisceat
1017 1426 1175 1502 praeterea.
1224 1423 1315 1500 Quod

165 1533 192 1594 si
214 1531 347 1607 faceret,
372 1529 474 1592 Deum
497 1525 728 1602 immortalem,
761 1526 881 1607 quanta
904 1525 1051 1590 molestia
1073 1529 1105 1589 et
1127 1526 1315 1593 difficultate

163 1635 314 1707 liberaret
336 1634 498 1709 homines3
522 1632 709 1715 cogerentur
732 1630 798 1713 ejus
822 1629 1000 1712 exemplum
1023 1630 1143 1696 imitari
1159 1637 1317 1717 quotquot

164 1741 263 1804 abeo
287 1739 426 1824 pendent
455 1737 545 1820 eique
574 1737 649 1798 sunt
678 1734 822 1819 obligati.
868 1733 981 1798 Multis
1013 1737 1201 1821 magnisque
1232 1740 1316 1804 curis

164 1849 199 1910 tu
223 1866 356 1929 quoque,
380 1843 493 1920 Caesar,
518 1840 669 1904 liberatus
692 1859 785 1915 esses,
809 1859 878 1920 quac
893 1859 978 1901 nunc
994 1842 1025 1902 te
1048 1840 1220 1907 sollicitum
1243 1843 1315 1907 red-

165 1950 263 2027 dunt,
298 1970 334 2013 eo
369 1947 452 2031 quod
487 1948 615 2029 propter
649 1942 875 2007 ecclesiasticas
911 1941 1079 2007 facultates
1113 1949 1209 2028 atque
1240 1968 1316 2031 opes

163 2076 281 2138 magna
303 2053 346 2116 sit
368 2053 453 2116 inter
476 2051 601 2114 ordines
624 2052 656 2112 et
679 2042 790 2112 acerba
813 2047 985 2124 contentio,
1010 2070 1080 2130 quae
1096 2050 1223 2132 quidem
1240 2073 1315 2134 opes

163 2159 198 2223 in
222 2160 290 2243 pios
313 2162 344 2222 et
368 2157 558 2222 necessarios
581 2176 655 2219 usus
679 2153 820 2218 converti
836 2152 961 2228 debent,
984 2152 1018 2215 in
1035 2154 1198 2220 ministros
1215 2155 1315 2234 verbi,
1346 2207 1347 2210 ,

164 2264 199 2327 in
222 2263 353 2340 scholas,
377 2262 412 2326 in
434 2282 586 2350 pauperes
610 2264 643 2324 et
665 2258 806 2336 miseroS,
831 2259 864 2321 in
881 2258 993 2322 alenda
1004 2258 1183 2340 juventutis
1199 2259 1314 2326 studia}

731 2378 749 2418 a

164 2469 286 2534 bericht
308 2469 373 2532 und
397 2469 518 2552 hewegt
540 2468 675 2546 werden,
699 2467 743 2532 im
765 2467 819 2531 das
844 2468 999 2547 schwerd,
1024 2468 1083 2532 mit
1106 2467 1256 2533 welchem
1281 2490 1316 2533 er

163 2596 198 2639 so
220 2574 265 2638 vil
287 2567 444 2658 unglhcks
466 2571 663 2658 sigerichtet
685 2572 770 2651 hat,
783 2572 998 2656 abzhgiirten,
1022 2573 1173 2637 weiteren
1195 2575 1315 2638 unrath

164 2682 203 2742 ah
226 2679 424 2753 vermeiden,
447 2677 506 2742 wie
528 2699 561 2741 es
585 2677 669 2741 dann
692 2676 773 2742 auch
795 2676 863 2740 sein
885 2681 961 2741 nutz
984 2677 1050 2741 und
1073 2676 1201 2743 wolfart
1222 2700 1315 2758 were,

164 2805 255 2848 wenn
279 2804 311 2847 es
342 2783 503 2868 geschehe.
550 2782 642 2846 Denn
670 2782 775 2867 gleich
798 2782 934 2846 wieder
958 2782 1041 2866 geitz
1064 2782 1129 2846 und
1153 2781 1201 2845 dis
1224 2783 1315 2846 welt-

164 2887 228 2951 11611
250 2888 423 2972 regiment,
459 2888 493 2951 in
516 2887 613 2951 dahin
636 2886 749 2951 bracht
777 2887 851 2965 hat,
888 2887 943 2951 das
965 2909 1038 2950 man
1063 2886 1096 2949 in
1119 2908 1182 2951 von
1205 2908 1316 2972 wegen

164 2993 265 3056 seiner
280 2992 487 3077 unsdglichen
504 2992 684 3076 vilfaltigen
700 2992 977 3075 mishandlungen,
1002 3013 1058 3055 vor
1079 2991 1141 3055 den
1159 2991 1316 3076 gewissen

163 3096 336 3160 Endohrist
365 3096 474 3161 hatten
506 3101 585 3163 mirs.⁴
631 3096 709 3161 Also
743 3097 801 3160 ists
832 3096 913 3160 auch
950 3095 1156 3180 unmhglich,
1191 3097 1245 3161 das
1281 3118 1316 3161 cr

164 3199 193 3263 S.
210 3199 319 3264 Peters
342 3199 533 3284 nachvolger
556 3200 635 3264 imer
657 3199 747 3264 mehr
770 3200 837 3263 sein
853 3207 936 3284 mdg,
961 3222 994 3264 er
1011 3202 1129 3286 begebe
1144 3199 1212 3265 sich
1229 3199 1316 3265 dann

164 3303 338 3368 widerumb
370 3307 408 3368 zu
438 3305 557 3368 seinern
581 3305 666 3368 alten
691 3306 822 3389 vorigen
844 3308 934 3388 ampt
955 3305 1020 3368 und
1044 3305 1176 3369 kirchen
1198 3305 1314 3384 dienst,

164 3410 228 3473 und
252 3409 409 3493 gedenck,
441 3410 496 3473 das
518 3409 562 3472 im
586 3408 665 3473 eben
688 3413 778 3494 gndg
801 3409 901 3473 damit
925 3409 1071 3473 bet‘olhen
1094 3409 1155 3488 ist,
1187 3430 1228 3472 on
1259 3411 1317 3475 das

164 3515 208 3578 im
232 3536 292 3578 von
315 3519 409 3580 n'oten
435 3514 497 3594 sei„
514 3513 608 3578 deren
624 3514 733 3599 K'onig
748 3514 814 3578 und
830 3514 1022 3579 Potentaten
1037 3512 1230 3597 geschefften
1247 3514 1318 3578 sich

164 3623 203 3683 air
225 3619 447 3684 undernemen.
494 3620 536 3684 Es
559 3621 688 3685 worden
721 3620 764 3683 im
795 3620 857 3684 alle
880 3621 966 3684 seine
988 3619 1150 3683 lehenleut
1172 3619 1237 3683 und
1260 3641 1318 3704 gc·
1408 3615 1414 3632 '

165 3724 326 3788 schworne
357 3725 554 3810 nachvolgen
588 3721 736 3804 missen,
772 3726 837 3789 und
871 3719 977 3789 winde
1012 3724 1077 3789 also
1091 3722 1136 3786 E.
1161 3723 1205 3787 Μ.
1238 3723 1319 3789 aller

164 3823 258 3891 rnfihe
280 3828 345 3914 und
368 3830 469 3893 arbeit
491 3826 682 3907 itherhabcn,
707 3852 741 3894 so
765 3829 800 3893 Ε.
818 3830 861 3893 Μ.
886 3831 962 3894 umb
979 3829 1060 3894 diser
1076 3829 1191 3894 sachen
1206 3828 1317 3893 willen

164 3932 229 4011 hat,
254 3932 360 4010 vorah,
383 3956 443 3999 von
467 3956 575 4019 wegen
599 3936 659 4000 der
675 3935 871 4002 Restitution
894 3935 959 3999 und
982 3935 1146 4020 antegung
1169 3934 1224 3998 der
1246 3932 1315 3997 hir-

165 4037 245 4102 chen
268 4033 369 4122 gdter.
415 4040 546 4105 Welche
578 4036 638 4105 den
668 4041 797 4105 rechten
829 4041 894 4104 und
926 4036 1136 4124 notiirfftigen
1166 4036 1316 4102 kirchen-

166 4143 323 4220 dieneren,
346 4146 384 4208 nd
407 4145 567 4209 aimticher
582 4146 738 4210 ehrlicher
753 4146 1074 4229 under[57]haltung,
1098 4166 1167 4208 zum
1187 4143 1245 4207 teil
1259 4147 1317 4208 zh-

166 4246 324 4331 gehdren,
349 4249 414 4312 und
437 4250 498 4314 alle
520 4250 650 4329 andere,
681 4273 715 4316 so
739 4250 794 4314 der
815 4251 948 4315 kirchen
970 4250 1035 4315 und
1059 4250 1129 4314 dem
1152 4248 1243 4312 volck
1265 4248 1318 4312 nit

166 4350 289 4430 dienen,
314 4353 476 4418 dersclben
499 4350 592 4439 gilter
614 4356 692 4420 eben
716 4376 751 4418 so
767 4355 873 4440 wenig
895 4356 986 4441 fahig
1009 4355 1089 4435 sind,
1113 4354 1160 4418 als
1183 4352 1233 4416 dic
1256 4375 1316 4418 un-
