2858 5054
686 379 748 440 212

140 549 283 633 praebent
306 549 457 631 speciem,
492 572 563 613 cum
599 549 718 612 interea
748 548 956 613 nihilominus
989 555 1109 634 pestem
1142 558 1175 617 et
1209 556 1305 620 virus

143 656 422 739 praesentissimum
446 656 479 717 in
503 659 629 738 pectore
652 653 885 718 circumferant.
925 693 927 696 -

142 760 203 836 Qui
227 760 312 824 volet
335 760 435 843 igitur
451 761 591 823 nativam
607 758 793 842 pontificum
811 759 948 823 indolem
965 782 1162 847 cognoscere,
1190 765 1300 829 solum

140 864 302 928 intueatur
325 870 356 928 ct
378 865 439 928 sibi
462 866 621 951 proponat
644 884 705 941 eos,
735 885 812 946 quos
835 864 971 928 vidimus
994 865 1056 949 ipsi
1079 871 1111 931 et
1134 869 1299 933 novimus.

228 968 346 1034 Verum
371 970 497 1052 quidem
520 973 568 1032 est
598 968 693 1045 illud,
728 990 792 1032 non
815 967 912 1032 fuisse
934 991 1042 1034 omnes
1066 975 1131 1034 tam
1155 971 1299 1038 furiosos

139 1079 171 1139 et
194 1078 334 1138 amentes
357 1071 534 1151 bellatores,
558 1094 653 1155 quam
677 1073 740 1136 fuit
760 1071 875 1151 Julius,
900 1077 966 1136 tam
989 1075 1127 1158 perditos
1144 1076 1180 1139 in
1204 1080 1297 1142 omni

140 1201 254 1263 genere
277 1179 450 1262 voluptatis
474 1182 506 1241 et
528 1165 706 1256 libidinum,
731 1199 827 1261 quam
843 1178 905 1241 fuit
920 1177 993 1258 Leo,
1018 1202 1081 1244 non
1098 1203 1207 1246 omnes
1225 1187 1295 1247 tam

139 1284 309 1367 insigniter
326 1283 460 1366 perfidos
479 1285 511 1345 et
525 1282 703 1359 sceleratos,
728 1305 823 1365 quam
839 1282 902 1346 fuit
918 1283 1071 1362 Clemens,
1095 1289 1163 1350 tam
1180 1309 1295 1353 avaros

139 1394 170 1454 et
192 1394 355 1466 versutoS,
390 1411 484 1472 qnam
508 1393 556 1452 est
579 1387 696 1451 Paulus
720 1388 843 1451 tertius.
890 1387 1011 1453 Verum
1038 1394 1086 1454 est
1115 1391 1224 1473 istud,
1262 1398 1294 1458 et

138 1495 267 1578 largior,
290 1493 344 1556 sed
367 1492 446 1555 illud
472 1492 600 1576 probari
623 1494 729 1575 potest
751 1495 846 1574 atque
871 1492 984 1571 doceri,
1005 1494 1070 1576 jam
1094 1494 1167 1559 inde
1191 1497 1232 1560 ab
1257 1519 1294 1563 eo

139 1604 289 1682 tempore,
314 1619 376 1680 quo
399 1597 614 1681 principatum
637 1597 671 1660 in
694 1596 838 1661 ecclesias
862 1597 1086 1676 obtinuerunt,
1110 1599 1197 1683 ipsos
1221 1613 1292 1666 orn-

139 1727 209 1768 nem
235 1702 356 1788 ingenii
378 1701 443 1764 vim
463 1699 498 1782 [S
509 1701 560 1783 iij]
584 1704 679 1782 atque
702 1701 910 1784 cogitationes
934 1723 970 1765 eo
993 1701 1173 1780 contulisse,
1197 1708 1236 1768 ut
1260 1709 1293 1770 et

139 1809 252 1872 falsam
275 1807 452 1871 doctrinam
476 1811 507 1869 et
530 1784 644 1888 impios
666 1806 770 1870 cultus
794 1807 977 1884 excitarent,
1003 1811 1034 1870 et
1056 1807 1170 1872 fierent
1193 1830 1292 1891 quam

139 1912 390 1997 locupletissimi,
413 1914 444 1975 et
460 1910 622 1993 splendide
638 1911 868 1995 magnificeque
879 1912 1030 2003 viverent,
1048 1917 1079 1976 et
1094 1913 1293 1996 imperarent

140 2019 304 2096 omnibus,
328 2021 361 2081 et
383 2017 462 2080 fines
485 2016 703 2098 dicionemque
726 2038 814 2079 suam
838 2017 1087 2100 amplificarent,
1122 2023 1154 2082 et
1177 2040 1292 2104 regum

137 2124 380 2209 principumque
403 2124 592 2205 potestatem
615 2121 840 2184 imminuerent
860 2143 896 2185 ac
912 2121 1126 2187 debilitarent.
1156 2122 1293 2190 Probari

136 2232 269 2312 possunt
288 2228 360 2304 ista,
384 2227 464 2303 dico,
487 2225 588 2289 sedet
610 2224 699 2303 illud,
727 2220 923 2309 temporibus
947 2248 998 2290 eos
1022 2248 1089 2290 esse
1110 2226 1213 2292 factos
1236 2230 1290 2294 de·

136 2333 276 2410 terioreS,
300 2332 375 2395 adeo
399 2330 536 2413 quidem,
559 2332 604 2406 ut,
628 2329 774 2392 humanae
797 2330 890 2393 sortis
906 2330 1008 2408 obliti,
1032 2330 1155 2395 divinos
1171 2355 1315 2427 prope·⁴¹

137 2437 264 2501 modum
286 2435 420 2499 honores
443 2436 475 2498 et
496 2433 607 2498 titulos
630 2455 696 2498 non
718 2434 785 2498 sint
807 2436 985 2518 aspernati,
1021 2434 1104 2518 quod
1126 2435 1199 2501 luce
1221 2460 1289 2503 me-

705 2553 722 2591 ’1‘

136 2648 176 2710 ob
199 2645 244 2709 sie
267 2646 318 2709 ein
342 2644 522 2709 mitleidens
545 2642 666 2721 hatten,
690 2664 724 2706 so
742 2610 791 2706 'sie
814 2643 893 2707 doch
917 2644 959 2707 im
977 2644 1105 2709 hertzen
1121 2646 1196 2710 eitel
1213 2647 1291 2733 gifft

136 2752 200 2815 und
222 2751 443 2835 verbitterung
465 2748 666 2833 umbtragen.

222 2855 368 2920 Welcher
396 2877 463 2918 nun
496 2854 546 2918 die
578 2853 684 2918 rechte
717 2858 767 2917 art
796 2854 890 2919 deren
914 2855 1015 2920 Bassi
1036 2857 1195 2922 erkennen
1219 2858 1287 2937 wil,

136 2963 190 3026 der
212 2961 284 3025 sehe
308 2983 369 3024 nur
392 2983 442 3039 an,
467 2960 515 3023 die
537 2958 737 3043 obgemelten
760 2960 836 3038 vier,
859 2981 894 3023 so
914 2960 962 3023 bei
976 2983 1073 3025 unser
1088 2962 1150 3025 zeit
1164 2962 1284 3045 gelebt.

136 3065 188 3129 Sie
210 3065 281 3128 sind
305 3064 366 3128 alle
388 3063 456 3127 auff
476 3064 567 3128 einen
590 3063 680 3128 leiste
703 3065 859 3149 gemacht.
974 3123 976 3127 ,

134 3170 178 3232 Es
202 3170 244 3232 ist
265 3170 327 3232 wol
349 3190 424 3245 war,
449 3169 502 3232 das
526 3168 571 3231 sie
592 3169 642 3232 nit
665 3168 726 3234 alle
746 3169 851 3233 solehe
866 3170 958 3232 wilde
973 3169 1049 3233 tolle
1064 3171 1200 3256 krieger,
1224 3175 1288 3239 wie

135 3272 250 3350 Julius,
274 3272 314 3336 So
337 3276 432 3357 ganta
454 3272 488 3335 in
512 3272 589 3335 aller
613 3273 742 3337 wollust
764 3275 816 3338 des
839 3274 917 3337 leibs
940 3274 1103 3353 erseuffet,
1127 3277 1185 3342 wie
1210 3279 1286 3359 Lac,

135 3377 195 3441 Nit
218 3378 280 3442 alle
302 3399 337 3440 so
360 3377 527 3462 arglistige
550 3376 671 3456 Bdben,
696 3379 755 3443 wie
772 3380 925 3456 Clemens
950 3377 990 3442 So
1014 3401 1123 3465 grosse
1145 3382 1286 3466 gleisner

137 3484 199 3547 und
225 3484 297 3565 [45]
313 3483 373 3545 mit
388 3483 472 3567 geita
486 3483 684 3561 verstriclret,
709 3484 768 3548 wie
783 3483 910 3559 Paulus,
936 3505 1077 3567 genesen
1094 3485 1174 3563 sind,
1198 3485 1289 3553 Aber

135 3589 182 3651 dis
204 3589 267 3651 kan
291 3610 365 3651 man
388 3589 496 3673 zeigen
519 3588 584 3651 und
608 3588 763 3665 darthun,
794 3610 829 3651 so
851 3588 924 3652 bald
948 3589 993 3652 sie
1016 3589 1096 3654 nach
1119 3591 1189 3654 dem
1212 3591 1286 3657 Pri·

134 3698 201 3757 mat
223 3695 411 3778 getrachtet,
435 3693 499 3756 und
523 3693 691 3758 denselben
715 3695 841 3778 erlangt
863 3694 986 3770 haben,
1011 3694 1066 3757 das
1089 3695 1207 3758 neither
1231 3697 1288 3760 der

134 3798 195 3860 zeit
219 3797 347 3880 (welchs
371 3799 431 3862 ieta
453 3792 531 3862 iiber
554 3799 604 3863 die
627 3799 850 3864 neunhnndert
869 3799 920 3882 jar
935 3799 991 3882 ist)
1008 3799 1071 3863 irer
1087 3800 1165 3863 aller
1179 3821 1286 3866 wesen

133 3902 199 3964 und
221 3903 424 3986 gedancken,
459 3902 617 3965 entweder
646 3906 683 3966 air
706 3902 950 3987 auffwiekelung
973 3904 1060 3973 einer
1082 3925 1191 3967 neuen
1214 3904 1286 3968 Ab·

133 4005 313 4091 gdttischen
334 4008 406 4084 lere,
432 4007 506 4070 oder
521 4030 591 4069 zum
607 4008 700 4092 geita,
723 4007 850 4085 hoffart,
876 4008 988 4073 bracht
1002 4009 1068 4072 und
1084 3997 1285 4092 tyranneien,

133 4111 212 4175 auch
235 4114 273 4174 ad
297 4116 523 4195 ergrdsserung
546 4111 610 4174 irer
632 4110 695 4174 hab
718 4113 783 4175 und
805 4106 907 4197 gdter,
932 4117 969 4177 ml
991 4113 1202 4197 erweiterung
1221 4113 1285 4178 ires

132 4214 254 4300 gebiets
286 4215 351 4278 und
383 4214 613 4293 Jurisdiction,
649 4213 848 4299 dergleichen
884 4238 938 4280 zur
973 4216 1187 4300 schwiichung
1217 4219 1284 4282 und

133 4319 386 4402 untertruelmng
410 4320 502 4383 deren
526 4318 704 4383 weltlichen
729 4319 937 4399 Potcntaten,
970 4322 1126 4400 imcrdar,
1149 4322 1231 4387 auch
1254 4324 1285 4387 ie

132 4425 241 4508 lenger
264 4425 292 4488 ie
315 4424 423 4503 mehr,
447 4423 605 4510 gerichtet
627 4447 768 4510 genesen
792 4427 873 4506 sind,
898 4426 971 4491 Und
994 4427 1191 4509 dermassen,
1227 4427 1283 4493 das
