2858 5054
674 391 738 455 248

132 571 164 632 et
185 567 330 644 flammis,
354 567 495 631 avellunt
517 568 633 629 matres
655 585 674 627 a
694 563 833 627 filiarum
856 561 1070 646 amplexibus,
1098 563 1186 629 filios
1210 567 1291 630 tan-

132 676 201 736 tum
224 693 286 736 non
310 673 344 736 in
367 674 536 755 conspeetu
558 673 696 734 matrum
712 668 945 744 exoamffionnt,
969 668 1100 732 maritos
1114 669 1157 733 ab
1172 670 1291 734 uxori-

132 777 191 841 bus
214 781 246 841 et
261 777 369 840 liberis
389 777 513 840 avulsos
529 775 563 838 in
580 774 770 839 taeterrimos
785 793 922 838 carceres
938 772 1101 856 abjiciunt,
1123 777 1167 853 et,
1192 775 1291 858 quasi

132 903 256 946 omnem
280 882 426 946 humanae
449 880 641 945 condicionis
664 901 790 943 sensum
814 878 1039 961 deposuissent,
1063 877 1109 942 ita
1123 879 1290 955 saeviunt3

132 985 336 1050 dominantur
364 985 479 1049 animis
508 985 689 1062 hominum,
724 988 757 1048 et
787 982 937 1066 loquendi
971 981 1122 1047 faoultate
1151 983 1291 1066 privant

132 1111 204 1167 eos;
239 1089 419 1167 affirmant,
452 1111 515 1154 non
538 1090 631 1154 licere
654 1089 829 1172 cuiquam,¹
842 1087 892 1151 his
914 1086 953 1151 de
975 1087 1069 1152 rebus
1091 1089 1184 1152 extra
1206 1108 1289 1152 oon-

132 1195 241 1258 cilium
264 1214 365 1279 agere,
390 1197 422 1257 at
444 1197 550 1257 tamen
574 1193 619 1257 ita
642 1214 674 1256 se
696 1196 822 1278 gerunt,
847 1195 885 1255 ut
907 1191 1033 1256 aoncilii
1048 1212 1137 1276 apem
1152 1212 1290 1257 omnem

132 1298 307 1383 praeoidant
330 1302 362 1362 et
384 1297 538 1362 auferant.

221 1401 288 1466 Has
302 1402 445 1466 miserias
460 1402 545 1466 orbis
562 1400 737 1467 Christiani
760 1401 879 1486 respioe
901 1401 1039 1479 tandem,
1062 1402 1291 1485 potentissime

134 1505 245 1585 Caesar,
270 1529 371 1589 noque
388 1511 421 1570 te
436 1511 560 1572 moveat
575 1506 637 1571 ista
653 1507 786 1591 profana
802 1511 835 1571 et
849 1505 1004 1591 Epicurea
1018 1506 1290 1574 otiosissimorum

134 1613 299 1678 hominum
321 1612 425 1689 turba,
450 1611 505 1694 qui
528 1610 616 1685 nulla
631 1611 729 1676 officii
745 1611 877 1676 caritate
892 1611 953 1675 tibi
969 1615 1043 1676 sunt
1059 1613 1288 1693 commendati,

135 1717 188 1781 sed
211 1717 244 1780 in
267 1716 406 1800 patriam
428 1720 460 1780 et
482 1716 515 1779 in
540 1716 709 1800 imperium
731 1720 817 1781 totus
851 1715 991 1793 intuere,
1020 1716 1071 1779 oui
1093 1716 1186 1780 datus
1209 1737 1244 1781 es
1269 1741 1291 1783 a

135 1819 202 1885 Deo
218 1821 421 1906 gubernator,
447 1821 534 1905 eujus
553 1822 754 1886 incolumitas
778 1825 873 1904 atque
895 1822 990 1900 salus,
1013 1821 1111 1885 tacito
1135 1820 1289 1903 quodam,

134 1927 187 1990 aed
211 1925 390 1990 vehementi
412 1930 518 1990 tamen
543 1931 575 1991 et
597 1927 662 1991 aeri
686 1930 807 1991 naturae
830 1927 986 2010 impulsu,
1017 1925 1078 1990 tibi
1100 1944 1168 1988 esse
1190 1924 1291 1992 debet

134 2032 229 2116 longe
244 2030 413 2096 carissima.
447 2031 529 2108 Quia
544 2031 609 2095 late
624 2031 792 2095 admodum
815 2030 996 2108 dominaris,
1020 2049 1079 2094 neo
1101 2028 1289 2094 anisolam

134 2137 251 2219 populo
274 2157 390 2219 praees,
422 2135 581 2218 impeditae
604 2139 679 2198 sunt
701 2135 840 2199 rationes
863 2139 945 2211 tuae,
980 2140 1045 2196 non
1069 2131 1201 2196 dubium
1224 2136 1285 2198 ast.

135 2239 232 2304 Aliud
254 2240 339 2304 enim
361 2238 517 2322 Hispania
537 2240 682 2322 requirit,
706 2240 791 2304 aliud
808 2237 978 2303 Germania
999 2237 1090 2321 petit,
1114 2237 1202 2302 aliud
1218 2238 1288 2304 Ro-

135 2365 247 2407 manus
270 2343 325 2407 ille
346 2342 526 2427 negotiator
548 2343 697 2425 postulat.
732 2341 779 2407 Ut
793 2343 842 2406 his
865 2342 1011 2406 omnibus
1033 2342 1209 2406 humanum
1232 2343 1286 2407 in·

135 2449 264 2535 genium
288 2453 319 2512 et
340 2449 509 2532 prudentia
531 2448 820 2532 satisfa[Yiij]oiat,
844 2448 974 2512 omnino
997 2447 1066 2511 fieri
1087 2467 1152 2512 non
1167 2449 1287 2530 potest.

135 2551 238 2617 Unica
259 2552 361 2617 solum
384 2557 432 2617 est
453 2553 514 2631 via,
537 2575 595 2619 nec
617 2554 680 2618 alia
702 2556 816 2638 praeter
842 2552 926 2618 hanc
948 2553 1086 2624 inveniri
1108 2555 1224 2635 potest,
1249 2556 1289 2618 ut

136 2657 264 2736 seilicet,
287 2659 407 2723 nullius
431 2663 568 2724 externae
589 2661 646 2737 rei,
671 2662 914 2742 quantacunque
936 2658 994 2736 sit,
1016 2658 1128 2723 habita
1147 2657 1288 2737 ratione,

136 2761 196 2857 Dei
219 2762 374 2828 duntaxat
398 2785 502 2829 veram
525 2764 659 2849 gloriam
693 2785 833 2846 quaeras,
865 2763 955 2848 eique
978 2767 1082 2828 cetera
1102 2760 1288 2827 committas

136 2889 252 2932 omma.

702 2990 721 3028 11ί

136 3077 296 3143 schleiffen
321 3079 380 3144 den
404 3100 459 3143 son
483 3100 539 3143 vor
562 3079 616 3142 der
639 3080 760 3156 mater,
790 3077 840 3142 die
862 3079 966 3142 mdter
988 3097 1045 3140 vor
1067 3077 1121 3141 der
1143 3075 1290 3161 doohter‚

137 3181 197 3246 den
212 3204 286 3245 man
302 3205 359 3247 vor
379 3183 432 3247 der
454 3183 574 3248 frawen
596 3183 662 3247 und
684 3182 847 3261 kinderen‚
870 3182 998 3266 hinweg
1021 3182 1054 3245 in
1077 3181 1292 3248 erbiirmliche

137 3284 315 3371 gefdngnis.
361 3286 497 3370 Sperren
520 3287 580 3350 den
603 3287 709 3351 leuton
733 3287 787 3350 das
811 3286 916 3365 maul,
941 3286 1005 3350 und
1029 3307 1142 3372 sagon,
1174 3307 1207 3351 ea
1230 3307 1290 3372 ge-
1372 3273 1377 3283 ⁹

135 3391 214 3455 bdre
236 3390 384 3456 niemand
407 3391 590 3456 ausserhalb
614 3392 684 3455 dem
707 3391 849 3457 Concilio
872 3392 973 3456 dauon
1002 3394 1041 3456 ad
1072 3391 1187 3470 reden,
1220 3394 1291 3458 und

137 3495 252 3559 stellen
273 3496 339 3560 sich
363 3495 442 3561 doch
465 3496 543 3561 aller
566 3495 645 3582 (ling
667 3495 743 3575 also,
767 3496 822 3560 das
845 3516 919 3559 man
939 3493 1049 3559 lminer
1064 3493 1292 3563 Reformation

137 3600 212 3664 oder
235 3598 364 3681 Oonoili,
388 3623 450 3666 von
472 3602 546 3665 inan
570 3605 609 3666 ad
633 3603 794 3686 genarten
816 3600 883 3664 hat.

138 3705 235 3770 Disen
255 3705 356 3788 jamer
378 3706 444 3770 und
467 3706 571 3771 ellend
600 3706 656 3770 der
678 3704 913 3782 Christenheit‚
947 3704 1013 3768 und
1036 3705 1070 3768 in
1103 3704 1292 3775 sondarheit

139 3811 192 3874 des
215 3831 322 3874 armen
348 3810 535 3896 einfeltigen
564 3812 689 3891 volens,
721 3811 766 3876 sol
789 3809 826 3873 Ε.
850 3809 893 3872 Μ.
918 3808 964 3872 313
986 3830 1081 3875 unser
1103 3809 1181 3874 aller
1203 3818 1291 3897 gnit-

139 3915 259 4000 digster
282 3913 375 3994 Hem,
399 3937 455 3980 aus
478 3915 705 3981 Keiserliohem
728 3914 946 3981 vitterliehem
970 3909 1099 3999 gemit,
1121 3914 1292 4002 guddigist

139 4018 318 4083 bedenolren
342 4020 407 4084 und
430 4042 583 4107 ernegum
608 4021 689 4086 auch
712 4021 747 4084 in
768 4021 867 4085 disem
882 4019 975 4083 allem
992 4019 1082 4097 rhun,
1106 4019 1165 4084 wie
1180 4025 1291 4106 gattos

139 4124 216 4203 ehr,
252 4124 318 4187 und
347 4126 490 4210 gemeine
518 4126 645 4190 wolfart
668 4126 794 4190 lordart.
841 4123 884 4188 Es
914 4123 1064 4188 seufftzen
1094 4123 1155 4189 alle
1184 4123 1291 4194 frome

139 4228 267 4292 hertzen
292 4229 394 4293 neben
418 4229 498 4309 Got,
536 4234 574 4295 nd
595 4231 632 4295 E.
655 4231 699 4294 Μ.
732 4230 778 4294 als
810 4230 861 4294 die
890 4229 935 4293 sie
964 4229 1123 4293 erkennen
1147 4250 1202 4294 vor
1225 4230 1289 4297 den

137 4330 271 4497 jfhenen,
305 4333 359 4396 der
382 4335 414 4397 in
438 4335 525 4398 disen
549 4335 664 4399 saehen
687 4333 777 4399 mehr
799 4335 884 4398 dann
907 4333 968 4398 alle
990 4332 1180 4398 Potentaten
1203 4333 1289 4400 helf-

154 4456 194 4498 en
216 4435 288 4504 kan.
1146 4462 1152 4472 .
