2858 5054
723 401 786 462 216
910 402 913 409 '

176 575 285 639 larunt
308 573 415 639 omnia
436 573 589 638 salutaria
610 574 743 652 decreta,
766 595 868 656 neque
891 575 990 658 pudet
1012 597 1081 653 eos,
1113 573 1196 637 nihil
1218 595 1334 639 eorum

176 679 351 755 observare,
374 700 432 742 nec
454 679 485 741 id
509 678 610 755 modo,
635 678 688 742 sed
711 678 892 763 gloriantur
914 680 1027 756 etiam,
1051 678 1112 743 hoc
1133 678 1246 758 licere,
1271 701 1331 744 nc·

176 806 236 866 que
259 804 349 866 posse
372 783 456 866 ipsos
479 783 553 847 ullis
576 783 730 866 majorum
754 806 881 848 suorum
904 785 1029 869 legibus
1052 785 1207 870 astringi,
1244 787 1332 870 quod

176 910 233 970 par
256 887 289 950 in
313 908 420 968 parem
444 886 563 949 unllam
587 886 702 951 haheat
724 890 929 970 potestatem3
953 888 1068 952 idcirco
1090 886 1225 953 liberum
1248 891 1331 974 ipsis

176 995 208 1055 et
230 991 392 1076 integrum
414 1014 499 1068 esse,
535 996 654 1057 veteres
677 993 847 1076 abrogare,
883 996 978 1076 atque
1000 993 1123 1057 sancire
1146 1015 1264 1075 novas,
1298 997 1333 1061 id

176 1097 260 1178 quod
283 1097 453 1179 diligenter
476 1100 508 1159 et
530 1097 668 1160 studiose
689 1095 834 1160 fecerunt
863 1098 968 1161 etiam.
1016 1098 1208 1179 Quocunque
1240 1101 1330 1164 enim

177 1202 261 1284 ipsos
284 1202 391 1284 rapuit
414 1201 557 1278 avaritia,
580 1201 682 1265 fastus
705 1206 737 1265 et
760 1201 910 1279 ambitio,
943 1222 1008 1265 non
1031 1204 1106 1265 sunt
1130 1202 1240 1282 veriti,
1275 1205 1332 1269 de-

176 1310 298 1370 cretum
321 1305 465 1388 aliquod,
500 1306 639 1388 ipsorum
663 1307 933 1371 accommodatum
956 1306 1139 1384 affectibus,
1173 1307 1265 1372 edere
1297 1314 1333 1374 et
1412 1326 1415 1331 ·

177 1411 308 1475 sancire.
354 1412 431 1488 Quae
454 1432 530 1474 sane
553 1433 601 1474 res
625 1432 682 1476 nec
704 1411 827 1476 laudari
849 1416 954 1495 potest
976 1433 1033 1475 nec
1055 1411 1194 1476 tolerari.
1216 1409 1221 1498 Ι

264 1514 347 1578 Nam
371 1515 452 1598 quod
477 1515 648 1593 affirmant,
673 1538 729 1598 pro
751 1516 874 1580 ratione
895 1520 1074 1600 temporum
1097 1515 1215 1578 mutari
1236 1537 1333 1599 posse

178 1621 284 1704 leges,
317 1620 448 1683 minime
468 1621 558 1704 juvat
580 1640 706 1684 causam
728 1621 877 1702 ipsorum.
924 1619 994 1684 Hoc
1016 1620 1101 1683 enirn
1125 1618 1164 1683 ad
1198 1620 1333 1702 politica

179 1726 280 1790 solum
303 1724 415 1789 referri
438 1724 539 1801 debet,
564 1745 629 1788 non
653 1725 748 1788 etiam
772 1727 810 1788 ad
834 1725 1010 1789 doctrinam
1032 1723 1207 1808 religionis.

177 1829 251 1893 Jam
273 1850 363 1905 vero,
395 1849 464 1910 quac
486 1828 552 1891 sint
575 1828 678 1892 officia
701 1829 898 1893 sacerdotum
924 1832 954 1892 et
978 1828 1214 1912 episcoporum,
1249 1849 1331 1911 quo-

178 1935 270 1998 modo
285 1932 450 2006 familiam,
466 1954 596 1997 uxorem
612 1936 650 1996 et
662 1933 776 1997 liberos
792 1934 969 2017 gubernare
984 1932 1129 2010 debeant,
1153 1954 1248 2015 quam
1263 1955 1330 1998 non

177 2041 322 2122 oporteat
344 2058 396 2102 eos
420 2037 494 2100 ullis
517 2037 609 2101 rebus
633 2041 722 2102 extra
744 2060 858 2102 munus
881 2037 1125 2102 ecclesiasticum
1144 2036 1329 2118 immisceri,

180 2164 274 2225 quam
299 2142 406 2205 deceat
428 2161 480 2204 eos
503 2161 570 2203 esse
593 2146 729 2205 remotos
753 2142 792 2204 ab
815 2142 901 2204 omni
917 2141 967 2205 vel
983 2142 1159 2225 suspicione
1174 2142 1328 2221 avaritiae,

177 2246 319 2310 libidinis
342 2249 375 2309 et
396 2244 513 2308 sordidi
546 2249 705 2327 quaestuS,
740 2245 807 2309 haec
839 2247 968 2328 inquam
1001 2247 1108 2311 omnia
1138 2250 1214 2311 sunt
1245 2246 1331 2311 clare

179 2351 275 2415 sacris
296 2349 413 2413 litteris
436 2370 590 2431 expressa.
638 2349 728 2425 Quod
761 2353 865 2414 autem
899 2350 980 2415 nihil
1010 2351 1124 2417 horum
1143 2352 1184 2416 ab
1206 2350 1330 2432 aliquot

748 2468 764 2505 *

178 2558 317 2624 handlen
339 2558 419 2623 auch
441 2558 578 2623 thetlich
601 2559 665 2624 und
689 2559 933 2643 unverschiimpt
956 2560 1102 2625 dawider.
1145 2558 1186 2624 Ja
1209 2559 1254 2623 sie
1276 2580 1329 2624 sa-

178 2685 239 2748 gen
263 2663 334 2740 wol,
357 2663 402 2728 sie
424 2669 539 2747 mogen
562 2685 594 2727 es
617 2663 710 2742 thhn,
737 2664 801 2727 und
826 2664 911 2728 seien
933 2686 991 2748 gar
1014 2665 1063 2727 nit
1086 2663 1231 2748 schuldig
1252 2664 1329 2728 oder

178 2768 360 2851 verpllicht,
384 2769 447 2833 irer
469 2769 615 2834 vorfareu
639 2769 694 2833 der
716 2768 817 2852 Bepst
838 2766 994 2832 Decreten
1016 2772 1055 2833 zd
1077 2768 1204 2848 holten,
1236 2768 1330 2833 dweil

177 2874 229 2937 ein
245 2873 345 2957 Bapst
363 2875 433 2938 dem
457 2875 594 2939 anderen
616 2875 666 2938 nit
688 2874 745 2938 hat
766 2877 804 2938 ad
827 2874 984 2957 gebieten,
1008 2874 1123 2938 souder
1145 2874 1190 2937 sie
1213 2879 1329 2958 m'dgen

178 2979 227 3043 die
249 2980 313 3044 alte
330 2978 481 3044 Decreten
506 2979 639 3057 abthhn,
662 2979 728 3042 und
752 3000 838 3042 newe
862 2977 1062 3042 auffrichten.
1093 2978 1167 3042 Wie
1182 2977 1228 3041 sie
1243 2979 1329 3043 donn

178 3084 257 3148 auch
280 3083 473 3148 meisterlioh
495 3082 616 3169 gethon
638 3083 752 3147 hahen.
786 3082 860 3146 Und
877 3082 981 3146 uohin
999 3083 1044 3146 sie
1064 3105 1124 3146 nur
1146 3083 1209 3147 irer
1232 3083 1328 3167 geitz,

178 3186 297 3251 hoffart
319 3188 384 3251 und
409 3187 520 3252 bracht
543 3187 687 3272 getriben
713 3188 784 3266 hat,
821 3188 922 3252 davon
953 3188 1057 3252 haben
1081 3189 1126 3252 sie
1149 3209 1210 3252 von
1233 3188 1330 3252 stund

178 3313 219 3356 an
243 3292 295 3355 ein
311 3291 425 3356 Decret
451 3292 607 3377 gemacht,
631 3292 696 3355 und
720 3293 871 3377 volgends
892 3293 1054 3378 gebotten,
1079 3292 1201 3357 dasselb
1223 3296 1329 3357 ernst-

179 3395 244 3460 lich
267 3398 304 3459 nd
328 3396 447 3462 holten.
480 3395 609 3461 Welchs
633 3396 714 3460 doch
736 3397 809 3461 eitel
832 3398 956 3462 mdtwil
980 3398 1032 3474 ist,
1056 3396 1121 3468 und
1143 3396 1229 3460 hilfft
1252 3396 1329 3461 ineu

178 3521 236 3585 gar
258 3500 326 3580 nit,
347 3501 402 3564 das
425 3500 470 3564 sie
492 3521 607 3585 sagon,
631 3522 663 3564 es
685 3506 800 3586 mogon
825 3502 874 3566 die
896 3505 1000 3586 gesetz
1023 3501 1105 3565 nach
1128 3500 1332 3586 gelegenhcit

179 3606 233 3670 der
255 3606 316 3670 zcit
338 3605 491 3689 getndert
512 3605 646 3670 werden.
686 3605 786 3671 Denn.
802 3607 849 3671 dis
873 3606 946 3671 wirt
967 3605 1064 3670 allein
1086 3628 1148 3670 von
1172 3606 1232 3670 den
1254 3606 1330 3668 ord-

178 3733 318 3796 nungen,
342 3732 375 3774 so
398 3710 433 3773 in
454 3711 617 3793 polioeien,
641 3711 715 3775 oder
738 3710 927 3776 eusserliche
950 3711 1066 3774 sochen
1082 3710 1231 3795 gehdren,
1255 3730 1348 3774 ver·-

178 3817 321 3895 standen,
345 3816 411 3889 und
433 3816 557 3880 weiters
579 3817 638 3882 nit.

266 3918 336 3999 Nu,
359 3921 418 3984 wie
441 3920 508 3984 sich
532 3920 582 3984 ein
606 3920 751 3985 Bischoff
771 3921 845 3984 oder
867 3919 1025 3999 Priester,
1055 3920 1091 3984 in
1114 3919 1232 3984 seinem
1255 3941 1330 4002 pre·

179 4016 234 4111 dig
256 4027 321 4089 und
344 4026 476 4090 kirchen
500 4030 605 4111 ampt,
629 4027 771 4090 daneben
794 4026 828 4089 iu
851 4024 969 4089 seinem
992 4025 1087 4103 haus,
1111 4046 1214 4110 gegen
1237 4026 1331 4105 weib,

178 4130 300 4210 hinder,
324 4131 389 4195 und
412 4131 571 4194 iederman
593 4131 720 4208 hulten,
744 4131 843 4208 Item,
874 4132 934 4196 wie
956 4152 990 4195 er
1012 4130 1078 4196 sich
1102 4132 1155 4195 des
1178 4129 1331 4195 kirchen·

179 4235 299 4300 diensts
333 4234 448 4313 allein,
483 4236 547 4300 und
581 4235 640 4299 mit
672 4234 852 4298 weltlichen
883 4235 997 4299 sachen
1032 4257 1090 4321 gar
1114 4235 1164 4299 nit
1187 4222 1329 4317 beladen,

179 4338 406 4424 Dergleichen,
437 4340 494 4404 wie
517 4362 561 4407 er,
573 4361 631 4424 gar
654 4339 727 4403 heiu
754 4339 914 4403 wucherer
939 4340 1021 4403 noch
1043 4339 1239 4404 simoniacus
1262 4341 1331 4404 sein

180 4443 248 4524 sol,
284 4444 326 4508 ist
355 4443 483 4508 clarlich
514 4445 547 4506 in
581 4442 635 4507 der
656 4441 788 4508 Schrifft
816 4444 1055 4530 ausgedrucket.
1100 4442 1165 4509 Das
1187 4443 1232 4508 sie
1254 4444 1332 4510 aber
