2858 5054
134 1207 230 1293 [diij]
478 1213 685 1286 JOANNIS
714 1214 943 1287 SLEIDANI

648 1368 759 1435 Oratio

329 1509 368 1573 ad
390 1507 553 1593 Prineipes
576 1531 613 1575 ae
635 1507 769 1574 Ordines
791 1511 912 1575 omneis
935 1510 1076 1594 Imperii.

222 1683 293 1747 Etsi
314 1688 429 1767 praeter
452 1683 599 1747 decorum
615 1705 680 1746 esse
695 1685 795 1748 videri
810 1685 920 1769 pessit,
943 1685 1104 1750 hominem
1120 1686 1280 1771 privatum

133 1789 300 1854 instituere
322 1810 499 1852 sermonem
522 1789 605 1873 apud
628 1811 700 1867 ves,
724 1790 937 1855 Illustrissimi
960 1791 1140 1875 Principes,
1172 1791 1280 1875 quiet

133 1895 194 1978 ipsi
217 1915 365 1978 magnam
390 1894 513 1958 habetis
537 1912 642 1958 rerum
666 1896 886 1978 prudentiam,
910 1900 942 1960 et
965 1896 1152 1961 consiliariis
1175 1895 1281 1958 ornati

134 2000 218 2077 estis,
242 1999 318 2063 viris
342 1999 592 2082 sapientissimis,
616 2002 733 2077 temen,
755 2001 906 2084 queniam
922 2001 1192 2066 exuleeratissima
1206 2005 1282 2065 sunt

133 2102 201 2169 haea
223 2108 331 2168 nostra
354 2108 514 2187 tempora,
547 2104 697 2187 quoniam
727 2105 761 2168 in
792 2105 928 2169 deterius
958 2106 1065 2169 emnia
1087 2105 1281 2189 pedetentim

133 2210 270 2285 abeunt,
305 2212 337 2272 et
368 2208 443 2291 quia
464 2209 610 2273 maximae
632 2213 728 2288 sunt,
763 2213 830 2273 tam
852 2210 978 2293 publice
1002 2232 1095 2294 quam
1118 2212 1280 2295 privatim,

133 2312 320 2378 offensiones
343 2314 522 2378 animorum
553 2315 587 2377 in
612 2313 798 2392 Germania,
830 2314 940 2398 putavi
971 2338 1020 2379 me
1049 2316 1208 2381 facturum
1243 2337 1281 2380 ex

133 2418 258 2494 officio,
282 2418 309 2482 si
332 2417 414 2482 forte
438 2440 560 2502 possem
584 2421 615 2482 et
637 2417 726 2482 vobis
750 2420 896 2502 prodesse
919 2423 951 2483 et
974 2420 1134 2485 communi
1157 2419 1280 2502 patriae,

131 2527 169 2587 ut
191 2522 272 2586 nihil
297 2523 331 2585 in
363 2545 399 2588 eo
429 2524 713 2607 praetermitterem.
761 2524 857 2589 Ducit
890 2524 977 2587 enim
1008 2546 1043 2587 eo
1076 2545 1126 2588 me
1157 2528 1280 2604 natura,

134 2649 203 2711 quae
225 2631 328 2692 totum
353 2629 479 2711 quidem
502 2650 602 2714 genus
625 2628 800 2693 humanum
830 2633 863 2693 et
891 2650 999 2693 omnes
1031 2629 1148 2713 ubique
1170 2633 1281 2714 gentes

699 2768 717 2806 ²t‘

134 2874 184 2956 [3]
542 2920 545 2927 -
639 2824 772 2937 Oration

214 3035 255 3077 an
278 3013 339 3077 alle
362 3012 590 3091 Ohurftirsten,
614 3011 750 3076 Ftirsten
773 3013 837 3076 und
861 3012 976 3078 Stende
999 3013 1052 3077 des
1076 3014 1199 3079 Reiehs.

221 3151 356 3216 Wiewol
378 3173 410 3215 es
433 3151 483 3215 bei
506 3152 643 3216 etliehen
667 3153 713 3216 als
744 3151 794 3214 ein
826 3151 976 3236 onnttigs
1008 3152 1103 3236 ding,
1137 3152 1284 3236 geachtet

133 3256 257 3321 werden
281 3255 397 3334 mdeht,
422 3254 595 3341 Gnedigste
620 3256 682 3319 und
706 3255 848 3340 Gnedige
871 3254 1013 3332 Herren,
1050 3255 1104 3318 das
1135 3256 1204 3320 siah
1226 3279 1281 3341 ye-

134 3363 229 3424 mand
264 3362 376 3425 nidern
420 3363 530 3426 stands
565 3361 787 3448 undernimpt,
832 3361 1067 3445 gegenwertige
1097 3358 1282 3446 Ermanung

134 3488 175 3530 au
191 3464 300 3529 Ewere
316 3466 402 3530 Chur
425 3467 489 3530 und
505 3466 683 3530 Furstliehe
706 3465 831 3550 gnaden
854 3464 999 3542 authen,
1023 3464 1073 3528 die
1096 3486 1152 3551 aus
1167 3464 1282 3530 hohem

133 3571 282 3636 verstand
305 3572 366 3635 alle
389 3570 502 3636 saeheu
526 3571 587 3636 bass
610 3571 809 3655 ergrtinden,
843 3570 923 3633 aueh
954 3569 1014 3632 mit
1038 3591 1073 3632 se
1097 3569 1179 3633 vilen
1203 3571 1281 3636 tref-

133 3677 238 3741 lichen
262 3677 330 3741 iren
353 3676 478 3741 thten
510 3677 575 3740 und
605 3676 735 3740 dienern
758 3674 909 3738 versehen
942 3675 1050 3751 seind,
1083 3675 1225 3740 dennoch
1250 3677 1283 3739 in

133 3803 304 3867 erwegung
326 3784 420 3847 deren
443 3781 695 3865 widerwertigen
717 3780 884 3864 haudlung
906 3779 971 3844 und
990 3781 1186 3865 werbungen
1208 3782 1282 3845 awi-

134 3888 228 3952 sahen
252 3888 335 3951 allen
359 3886 497 3952 Stenden
521 3886 696 3951 Teutsaher
717 3883 837 3949 Natien
857 3881 877 3962 ¹,
909 3884 973 3948 hab
996 3884 1048 3950 ich
1070 3889 1142 3951 mim
1165 3891 1281 3965 ersten,

134 4013 189 4055 aus
213 3992 495 4078 underth'anigster
518 3989 689 4075 neigung²
710 3993 748 4055 ud
770 3987 805 4053 Ε.
830 3988 886 4054 Oh.
910 3991 974 4054 und
997 3990 1031 4055 F.
1053 3990 1193 4070 Gnaden,
1217 3993 1281 4057 und

135 4097 285 4182 volgends
308 4120 363 4161 aus
386 4098 583 4164 natiirlieher
607 4097 816 4182 eingeborner
837 4095 920 4160 liebe
942 4099 1013 4160 zum
1037 4096 1212 4162 Vaterland
1234 4098 1284 4161 nit

704 4207 720 4240 a

206 4271 323 4324 11541:
352 4271 473 4334 Nation,
500 4271 572 4325 auch
595 4269 680 4324 deren
698 4269 890 4339 gafahrliahen
908 4269 1085 4340 praeticken,
1109 4287 1140 4326 so
1168 4270 1219 4324 auf
1245 4269 1285 4324 sie

135 4357 264 4427 getn'ben
282 4359 401 4423 werden,
421 4358 541 4413 habich
673 4359 690 4412 2
708 4374 852 4429 meynung
870 4359 943 4412 statt
961 4356 1094 4429 neigung.
