2858 5054
686 339 749 405 144

139 508 278 576 Maxime
300 512 423 577 servilis
447 516 479 576 et
502 512 715 598 ignominiosa
743 515 811 578 vita
840 513 921 592 fuit,
956 537 1051 598 quam
1082 516 1293 600 1111111111-

139 615 235 681 ficatu
258 617 412 695 Roman0,
435 617 494 681 sub
517 618 647 683 domine
669 618 834 683 meretrice
856 618 1002 682 viximus
1049 619 1108 684 Ille
1130 643 1204 686 vero
1229 644 1293 687 non

139 722 288 785 tractavit
311 745 384 800 nos,
412 726 559 787 uterum
583 722 746 786 liberalem
769 728 801 786 et
823 724 1021 788 moderatum
1044 724 1149 804 decet,
1183 748 1293 790 verum

140 825 245 890 effecit
267 849 325 892 nos
348 828 451 893 omnis
474 828 599 912 generis
621 829 824 905 contumelia,
849 832 881 898 et
903 850 999 892 onera
1020 829 1113 892 nobis
1129 830 1291 913 imposuit,

140 932 368 1014 qualiacunque
392 932 502 1010 voluit,
527 955 590 996 non
608 955 695 1000 secus
712 938 807 1016 atque
822 933 926 996 brutis
942 933 1169 997 animantibus.
1200 934 1293 999 Nihil

139 1037 238 1100 movit
261 1058 332 1101 eum
356 1040 464 1102 nostra
486 1041 554 1102 tum
571 1038 698 1101 inscitia
713 1041 783 1100 tum
799 1037 936 1113 miseria,
960 1038 1012 1124 sed
1029 1059 1091 1120 quo
1106 1039 1291 1105 crassiorem

138 1141 173 1204 in
195 1142 288 1206 111111
311 1142 548 1226 ignorationem
571 1142 787 1225 deprehendit,
817 1164 853 1206 11
876 1143 1028 1225 majorem
1050 1142 1113 1205 sibi
1135 1147 1290 1226 quaestum

138 1267 233 1309 ausus
256 1250 303 1310 est
324 1246 475 1329 polliceri.
522 1244 612 1322 Jam,
645 1266 707 1328 quo
739 1249 881 1327 tempore
904 1245 1167 1309 nundinationem
1192 1247 1290 1326 illam,

138 1350 227 1433 cujus
251 1354 345 1415 antea
367 1351 588 1427 meminimus,
622 1371 680 1434 per
710 1350 795 1414 huno
825 1354 966 1414 nostrum
1000 1349 1108 1414 orbem
1138 1351 1291 1431 instituit,

139 1476 264 1518 necesse
287 1458 352 1533 est,
375 1456 478 1538 ipsum
501 1459 557 1520 aut
579 1455 661 1519 idem
685 1460 831 1540 putasse,
856 1456 939 1538 quod
962 1455 1086 1519 miseris
1108 1445 1299 1523 hominibus*

140 1559 369 1642 persuadebat,
404 1560 536 1643 probam
567 1582 633 1625 esse
662 1561 806 1624 videlicet
839 1561 920 1625 hane
943 1582 1078 1624 mercem
1102 1563 1135 1624 et
1157 1562 1289 1627 minime

141 1664 291 1743 fucatam,
315 1668 457 1730 autnon
482 1666 658 1750 ignorasse,
692 1665 835 1752 fraudem
859 1667 892 1729 in
917 1688 953 1730 ea
975 1666 1146 1731 maximam
1170 1689 1236 1732 esse
1258 1672 1291 1732 et

140 1769 397 1835 ludificationem.
443 1771 644 1836 Alterutrum
668 1776 704 1836 ut
734 1773 848 1856 eligat,
879 1776 1013 1856 oportet.
1060 1770 1094 1836 Si
1117 1772 1198 1835 serio
1222 1794 1290 1837 rem

140 1873 207 1958 egit
229 1878 261 1938 et
284 1897 321 1939 ex
344 1875 473 1954 animo,
509 1876 672 1940 fatendum
702 1876 784 1955 erit,
818 1877 922 1959 ipsum
953 1898 1019 1939 esse
1052 1877 1289 1942 111111111111

138 1979 383 2058 Antichristum,
408 1981 495 2063 cujus
518 1981 706 2045 auctoritate
729 1984 761 2044 et
779 1983 868 2063 jussu
893 1984 1028 2044 restam
1042 1983 1135 2044 taetra
1150 1981 1289 2064 primum

139 2090 188 2149 est
210 2085 398 2170 excogitata.
444 2083 502 2150 Sin
524 2090 631 2150 autem
654 2086 763 2149 ludum
785 2107 850 2150 esse
873 2085 998 2169 putavit
1020 2085 1104 2169 ipse,
1134 2086 1218 2168 quod
1241 2091 1289 2151 est

137 2190 351 2268 verisimilius,
377 2194 550 2274 tyrannum
573 2193 610 2253 ut
632 2189 827 2273 appellemus
850 2211 937 2267 eum,
961 2193 1104 2273 oportet,
1134 2191 1287 2270 omnium,

705 2311 723 2347 'll'

136 2400 204 2464 eins
223 2399 317 2484 jeden
341 2397 471 2482 alichtig
493 2398 585 2463 erbar
608 2392 727 2483 gemtt.

225 2503 337 2569 Solehe
360 2503 422 2568 leib
446 2504 510 2567 und
533 2504 689 2589 seeleigen
713 2504 784 2568 sind
800 2504 858 2567 wir
875 2503 955 2568 auch
971 2504 1071 2568 under
1087 2505 1157 2568 dem
1171 2503 1285 2588 Bapst·

136 2609 250 2674 thumb
273 2629 424 2694 genesen.
471 2606 513 2680 Els
545 2608 603 2673 1111
630 2611 704 2673 aber
728 2608 783 2672 der
806 2607 907 2692 Bapst
928 2608 978 2671 nit
1000 2608 1060 2671 mit
1083 2631 1143 2672 uns
1166 2610 1286 2694 gehan-

137 2714 221 2792 delt,
256 2713 314 2777 wie
337 2712 438 2781 ciuem
462 2713 633 2799 adchtigen
664 2714 796 2777 11111111
827 2735 925 2777 mann
955 2713 1115 2791 zustehet,
1150 2716 1286 2780 sondern

136 2819 219 2884 allen
243 2818 420 2883 mdtwillen
443 2840 545 2904 gegen
569 2841 628 2883 uns
659 2818 874 2903 gebrauohet,
906 2819 970 2883 und
1005 2840 1065 2882 uns
1098 2819 1148 2882 nit
1174 2822 1287 2884 anders

135 2925 237 2990 weder
259 2925 345 2989 seine
367 2923 459 3009 pferd
481 2922 547 2987 und
576 2923 745 3000 meulesel,
779 2923 853 2987 oder
885 2922 999 2986 andere
1027 2923 1288 3008 unverntinfftige

135 3029 220 3094 thier
243 3030 277 3092 in
300 3029 360 3093 den
383 3029 498 3093 karren
522 3032 707 3112 gespauuet,
732 3028 776 3089 im
800 3026 930 3111 allerley
946 3025 1050 3090 dienst
1069 3027 1150 3091 nach
1167 3027 1286 3092 seinem

135 3133 273 3218 gefallen
292 3138 330 3198 ad
345 3134 466 3198 leisten.
499 3131 566 3196 Hat
581 3131 649 3196 sich
672 3153 766 3196 unser
789 3129 1001 3195 schweohheit
1024 3132 1088 3195 und
1111 3132 1286 3196 unwisseu·

134 3237 202 3302 heit
223 3260 281 3322 gar
304 3238 354 3301 nit
376 3238 543 3314 erbarmet,
567 3237 680 3301 sonder
702 3237 811 3301 seinen
827 3235 964 3300 vortheil
987 3235 1052 3298 und
1074 3241 1150 3301 nuta
1172 3236 1285 3301 daraus

135 3342 335 3426 gesch‘opffet.
375 3340 449 3406 Und
472 3341 519 3406 als
541 3363 574 3407 er
597 3341 774 3426 obgemelte
796 3340 1074 3406 kauffmansohafft
1094 3342 1128 3405 in
1144 3342 1195 3405 die
1210 3342 1286 3406 welt

135 3446 352 3526 aussohioket,
388 3447 444 3512 hat
475 3469 524 3512 ers
556 3449 712 3512 entweder
736 3447 788 3512 fiir
810 3434 887 3532 gnte
910 3446 998 3511 wahr
1021 3446 1188 3531 gehalten,
1222 3447 1287 3511 und

135 3553 288 3617 ernstlich
304 3553 472 3639 gemeinet,
488 3554 563 3617 oder
579 3553 636 3617 hat
651 3554 734 3618 selbs
751 3554 851 3618 damit
866 3556 1035 3638 gespottet.
1071 3551 1202 3641 ῌ11111
1219 3574 1286 3615 nun

134 3659 287 3723 ernstlich
309 3661 476 3744 gemeinet,
500 3681 534 3723 so
558 3681 627 3723 mus
651 3681 685 3723 er
708 3661 762 3724 der
782 3659 871 3722 recht
886 3656 1059 3721 Endchrist
1081 3658 1158 3735 sein,
1183 3657 1284 3721 under

34 3794 36 3800 ⁸
134 3763 279 3828 welchem
304 3764 426 3828 solcher
448 3764 564 3848 grewel
596 3765 785 3828 entstanden
815 3763 866 3826 ist.
913 3762 980 3827 Hat
1011 3783 1045 3825 er
1078 3761 1153 3825 aber
1184 3762 1285 3826 damit

135 3872 296 3953 gespottet
319 3868 391 3952 (wie
414 3890 447 3933 es
470 3870 554 3933 daun
577 3869 740 3954 glaublich
763 3868 819 3952 ist)
843 3890 876 3932 so
893 3875 963 3932 mile
980 3889 1013 3932 er
1025 3868 1059 3950 ja
1075 3868 1129 3931 der
1144 3871 1285 3951 grtiasest

134 3972 262 4058 Tyrann
287 3973 363 4052 sein,
389 3975 443 4037 der
465 3973 494 4038 ie
518 3974 586 4037 auff
606 3974 701 4038 erden
724 3994 866 4059 gewesen
890 3973 946 4052 ist,
982 3971 1141 4047 1111111111,
1174 3971 1229 4035 das
1252 3993 1285 4035 er

132 4100 202 4156 uns,
226 4079 312 4142 seine
326 4101 413 4143 armo
426 4080 489 4145 leib
504 4081 569 4143 und
585 4079 753 4165 seeleigeu,
776 4079 826 4143 nit
842 4078 937 4143 allein
954 4078 987 4141 11
1003 4078 1085 4141 diser
1101 4077 1284 4140 1111111111-

132 4181 236 4247 lichen
266 4184 494 4249 unwissenheit
527 4186 691 4271 gelassen,
726 4185 790 4249 und
813 4187 879 4249 sich
903 4205 1013 4248 unsers
1036 4181 1156 4246 ellends
1180 4182 1284 4246 nichts

132 4291 310 4367 erbarmet,
340 4289 454 4358 sonder
476 4288 556 4353 auch
579 4290 634 4353 das
656 4311 691 4353 11
711 4289 852 4352 (11111111
877 4309 971 4352 11111
995 4286 1066 4351 blut
1087 4288 1151 4351 und
1176 4287 1285 4350 marck

6 4419 8 4423 ·
131 4413 348 4479 ausgesogen,
383 4392 438 4458 das
470 4393 535 4471 ist,
569 4414 683 4458 1111111
704 4392 817 4457 1111111
840 4391 1005 4477 ausgefegt
1028 4391 1093 4460 hat.
1139 4390 1284 4456 Darumb
