2858 5054
734 337 797 399 210

191 513 229 577 ad
254 510 509 575 cruentissimum
533 508 673 585 bellum,
709 508 807 571 immo
830 507 947 573 sciebat
969 508 1103 571 alterurn
1132 529 1197 570 esse
1215 508 1284 589 jam
1310 508 1347 571 in

186 617 373 701 procinctu?
405 615 495 691 Quod
520 614 624 697 ipsum
648 634 712 676 non
736 615 897 698 ignorant,
921 613 976 695 qni
999 616 1188 695 spectatores
1209 612 1349 676 fuerunt

185 721 279 804 hujus
302 723 472 803 apparatus
495 719 603 801 etqui
627 722 752 801 tempus
774 719 991 782 observarunt.

275 825 402 902 Verum,
425 829 462 888 ut
486 825 620 888 maxime
643 823 812 887 consilinm
830 822 993 901 habeatur,
1018 826 1138 887 eertum
1155 826 1203 886 est
1220 827 1344 903 tamen,

187 952 238 993 eos
261 952 324 994 non
349 930 539 993 admissuros
563 929 661 992 ullam
685 929 826 1005 solidam,
851 929 935 1010 piam
960 931 992 992 et
1008 929 1215 992 neeessariam
1231 950 1345 992 emen-

187 1034 355 1098 dationem.
404 1032 533 1097 Hahent
556 1033 640 1096 enim
664 1033 745 1097 hanc
768 1032 1024 1115 persuasionem,
1048 1035 1085 1095 ut
1108 1033 1215 1116 ajunt,
1248 1034 1345 1116 quasi

186 1138 329 1201 futurum
354 1141 498 1221 sperent,
521 1141 558 1200 ut
580 1138 720 1221 ipsorum
743 1138 915 1202 adversarii
938 1139 1067 1202 tandem
1090 1142 1266 1222 agnoscant
1290 1161 1345 1203 er-

187 1265 307 1319 rorem,
343 1248 374 1306 et
397 1244 435 1307 ad
458 1244 594 1308 ecelesiae
617 1243 768 1307 Romame
791 1244 896 1307 sinum
919 1243 1050 1307 redeant
1081 1246 1113 1306 et
1144 1244 1178 1306 in
1205 1264 1241 1306 eo
1264 1264 1344 1308 eon-

187 1348 362 1430 quiesnant‚
386 1350 467 1411 sieut
490 1349 524 1410 in
547 1352 706 1430 postremo
722 1346 904 1412 Ratisbonae
925 1334 1065 1425 comitio,
1088 1348 1140 1411 sui
1154 1351 1200 1425 tu,
1226 1346 1344 1428 Caesar,

188 1474 322 1535 praeeras
346 1455 422 1537 ipse,
446 1453 616 1517 cardinalis
638 1450 834 1516 Conterenus
858 1475 876 1516 a
898 1453 1048 1535 pontifice
1071 1452 1185 1515 missus
1207 1453 1342 1535 profite-

188 1557 290 1620 batur.
325 1560 400 1635 Quae
421 1558 487 1621 sola
509 1579 558 1621 res
582 1562 770 1642 argumento
794 1559 886 1622 nobis
909 1559 980 1636 erit,
1004 1559 1090 1641 ipsos
1111 1580 1130 1622 a
1152 1557 1218 1622 Deo
1241 1558 1343 1622 desti·

187 1666 273 1726 tutos
294 1685 370 1740 esse,
394 1665 490 1747 inque
512 1685 603 1726 suum
626 1685 717 1728 ruere
739 1663 871 1727 exitium
895 1663 982 1728 velut
1001 1667 1107 1726 mente
1129 1668 1247 1746 captos.

189 1766 294 1842 Quid?
326 1771 392 1832 tarn
426 1770 535 1832 erebra
562 1769 690 1832 comitia
713 1769 780 1833 sint
801 1768 912 1834 habita
935 1773 1064 1852 propter
1086 1769 1168 1833 hane
1190 1771 1343 1834 causam?

755 1889 772 1928 a

188 1979 278 2040 entre
300 1981 355 2060 toy
379 1982 411 2041 et
433 1978 463 2041 le
485 1977 556 2062 [toy
586 1979 624 2042 de
646 1976 784 2042 Franco:
817 1981 850 2042 et
879 1999 996 2041 mesme
1026 1979 1128 2042 savoit
1159 1978 1224 2040 l'un
1258 1981 1344 2043 estre

185 2082 217 2164 ja
239 2086 311 2146 tout
333 2085 489 2167 equippe‘?
534 2084 576 2150 Oe
607 2106 668 2167 que
699 2084 901 2168 eognoissent
932 2083 1071 2147 tresbien
1103 2105 1180 2147 senx
1204 2083 1259 2164 qui
1282 2086 1341 2147 ont

187 2208 246 2250 veu
268 2188 443 2271 l'appareil¹
467 2193 499 2252 et
522 2194 579 2253 ont
602 2189 731 2253 observa
753 2189 783 2252 le
807 2192 918 2271 temps.

275 2290 304 2355 ll
325 2297 374 2357 est
396 2293 516 2358 certain
539 2295 633 2377 qu'oir
655 2294 685 2356 le
707 2293 834 2358 Concile
858 2315 890 2357 se
912 2293 1074 2370 tiendroit‚
1098 2314 1158 2357 eux
1160 2340 1256 2358 .....

758 2415 776 2453 t*

104 2546 109 2553 .
188 2500 273 2576 stad,
305 2524 327 2586 y
349 2502 379 2565 el
401 2525 457 2587 rey
479 2502 517 2567 de
539 2502 673 2568 Francia
695 2525 778 2588 yvan
801 2503 1020 2568 enneminadas
1050 2503 1097 2566 las
1120 2524 1208 2568 sosas
1232 2525 1251 2566 a
1273 2503 1339 2568 dis·

188 2625 282 2686 parar
304 2628 342 2670 en
365 2631 429 2672 una
452 2609 646 2674 eruelissima
677 2611 817 2694 guerra?
849 2632 955 2694 yaun
979 2630 1037 2672 con
1061 2608 1151 2671 saber
1174 2607 1203 2670 el
1226 2628 1286 2690 que
1310 2607 1340 2671 el

188 2729 252 2771 uno
275 2709 381 2776 delos
405 2713 460 2777 dos
483 2719 590 2779 estana
612 2738 652 2799 ya
675 2739 694 2778 a
716 2715 857 2793 cavallo,
892 2716 923 2779 lo
952 2714 1026 2797 qual
1058 2734 1100 2776 no
1129 2713 1265 2798 ignoran
1291 2711 1339 2775 los

188 2836 248 2897 que
271 2818 449 2884 estuvieron
473 2821 617 2886 mirando
640 2825 705 2885 este
734 2825 883 2905 aparat0‚
915 2843 936 2904 y
959 2841 1019 2902 que
1043 2838 1178 2900 pararon
1203 2815 1339 2880 mientes

189 2940 228 2981 en
252 2920 281 2984 el
304 2924 422 3006 tiempo
448 2949 470 3010 y
493 2949 530 2990 en
555 2927 587 2991 lo
610 2948 670 3009 que
692 2948 833 3010 passava.

276 3027 347 3111 [70]
371 3028 451 3093 Pero
475 3033 601 3115 quando
624 3032 756 3109 macho,
791 3054 832 3116 ya
855 3051 915 3113 que
938 3052 970 3093 se
993 3033 1089 3111 tanga
1111 3024 1272 3103 (tonsilis,
1308 3046 1342 3088 es

189 3130 376 3211 certissimo,
403 3156 463 3217 que
485 3135 614 3202 ellos..
630 3185 636 3198 .

757 3258 774 3296 t<

276 3338 340 3405 Das
369 3343 414 3407 sie
444 3344 535 3424 aber¹
573 3369 643 3410 wan
667 3345 772 3430 gleieh
795 3346 846 3409 ein
869 3344 1045 3410 Concilium
1068 3341 1217 3426 gehalten
1241 3333 1341 3417 wind,

189 3444 239 3507 nit
260 3448 420 3530 gemeinet
442 3452 529 3529 sind,
559 3452 663 3537 einige
695 3455 790 3537 grite,
824 3450 962 3533 dapffere
993 3449 1056 3512 und
1090 3446 1198 3529 niitige
1224 3442 1341 3506 Refor-

189 3551 311 3614 mation
334 3556 539 3634 anahneniem
563 3557 620 3622 hat
643 3581 716 3621 man
740 3558 853 3623 daraus
877 3554 1008 3620 clitrlich
1031 3557 1069 3618 air
1084 3550 1260 3628 verstehen,
1284 3547 1341 3611 das

188 3654 233 3717 sie
256 3656 344 3720 dison
367 3659 459 3723 wohn
484 3662 606 3740 haben,
640 3664 704 3727 und
726 3662 852 3739 hoffen,
881 3661 950 3723 ihre
970 3659 1144 3740 'widerpart
1166 3653 1250 3719 werd
1273 3651 1342 3714 sieh

188 3780 259 3822 zum
283 3761 398 3826 letsten
422 3764 567 3844 hekeren,
592 3769 656 3831 nnd
679 3767 854 3832 widerumh
877 3769 915 3830 ah
938 3765 1013 3828 inen
1036 3764 1171 3838 hornen,
1196 3759 1254 3823 wie
1277 3756 1341 3819 dan

189 3861 384 3947 obgemelter
399 3868 547 3935 Cardinal
562 3871 768 3948 Centarenna
793 3872 825 3934 in
843 3869 946 3934 seiner
961 3871 1108 3943 antwort,
1132 3887 1172 3928 an
1196 3860 1343 3948 gemeine

189 3969 281 4032 stend
296 3970 348 4033 des
364 3972 490 4051 Reiohs‚
510 3974 724 4039 anstruoklioh
739 3974 803 4036 und
820 3971 1008 4036 sehrifftlieh
1025 3970 1178 4051 anzeiget.
1210 3963 1341 4030 Welehs

189 4072 240 4135 ein
263 4071 328 4137 hell
352 4077 415 4139 und
438 4077 528 4142 mehr
550 4079 610 4141 dan
634 4076 865 4141 seheinbarlieh
887 4074 1013 4139 zeiehen
1038 4074 1109 4156 [44]
1134 4073 1191 4149 ist,
1215 4069 1270 4133 das
1293 4067 1341 4137 sie

191 4197 259 4240 vom
283 4178 377 4242 herrn
401 4183 558 4246 verlassen
582 4183 661 4261 sind,
685 4181 750 4245 und
771 4181 817 4244 als
841 4180 892 4244 die
914 4179 1077 4254 heillosem
1101 4180 1139 4242 art
1162 4176 1240 4239 irem
1256 4170 1342 4235 selbs

191 4287 370 4369 untergang
393 4287 456 4349 nnd
480 4293 673 4371 nerst‘nrnng‚
697 4284 852 4350 blindlioh
876 4285 972 4348 daher
996 4286 1095 4348 faren.
1201 4361 1204 4367 .

277 4393 342 4458 Hat
365 4417 437 4458 man
461 4394 533 4471 dan,
556 4393 674 4457 seither
696 4415 738 4455 xx
758 4391 858 4474 jaren,
883 4411 918 4453 so
934 4390 978 4454 vil
996 4388 1121 4467 Reichs,
1144 4385 1209 4451 und
1225 4382 1344 4450 andere
