2858 5054
697 315 759 374 242

156 485 376 569 magnitudine
400 483 532 547 dicionis
557 505 627 547 cum
643 483 754 566 priscis
771 482 893 565 aliquot
909 482 1152 565 imperatoribus
1169 485 1315 552 conferri

156 611 220 653 non
244 594 379 674 poterat,
402 593 510 653 tamen
533 589 659 652 iterem
677 587 776 672 gessit
791 587 934 665 feliciter,
958 591 995 650 ut
1010 588 1177 672 imperium
1189 589 1314 656 Roma·

155 715 231 756 num
244 694 310 776 jam
326 698 399 758 ante
411 694 583 775 collapsum
599 695 631 755 et
646 691 843 774 deperditum
859 712 1058 774 recuperasse
1075 692 1313 776 quodammodo

154 801 324 865 videretur.
366 799 417 864 Ab
433 799 526 882 hujus
543 798 664 862 familia
680 798 809 862 transiit
824 798 861 861 ad
874 797 1012 861 Saxones
1023 795 1164 861 Othones
1179 799 1312 882 imperii

154 904 304 989 dignitas,
315 904 408 987 etqui
418 904 662 986 luitpostremus
672 901 896 985 ejusnominis,
905 901 1310 987 laudatissimusprinceps,

152 1007 212 1072 boc
234 1009 386 1091 perfecit,
414 1012 450 1071 ut
473 1027 569 1090 penes
591 1009 732 1070 nostram
755 1009 883 1090 gentem
905 1010 938 1070 et
960 1006 1124 1070 nationem
1145 1006 1241 1070 hodie
1265 1007 1312 1071 sit

152 1118 292 1199 potestas
324 1113 450 1178 creandi
473 1110 629 1203 Caesares3
665 1111 749 1195 quod
781 1111 885 1194 ipsum
916 1132 1040 1195 quoque
1069 1110 1180 1175 referri
1210 1111 1311 1176 debet

154 1219 332 1300 interires
356 1217 492 1281 maxime
516 1216 743 1281 memorabiles.
790 1215 832 1280 Et
865 1215 932 1280 haec
956 1216 1082 1300 quidem
1104 1219 1247 1300 potestas
1270 1217 1308 1280 in

153 1327 263 1387 nostro
286 1323 403 1405 populo
422 1323 489 1405 jam
511 1321 603 1385 haesit
625 1343 721 1406 supra
744 1323 937 1406 quingentos
961 1342 1061 1386 annos
1076 1321 1111 1384 in
1125 1320 1186 1385 hoc
1200 1341 1307 1404 usque

152 1431 286 1510 tempus,
312 1447 373 1509 quo
397 1431 442 1504 tu,
466 1430 650 1509 procreatus
673 1449 710 1490 ex
733 1426 932 1491 nobilissima
954 1427 1135 1510 principum
1153 1423 1308 1489 Austris-

152 1551 260 1593 corum
283 1530 386 1607 domo,
411 1530 497 1594 brevi
521 1534 698 1614 temporum
721 1531 824 1615 spatio
843 1530 1022 1596 mirabilem
1038 1532 1072 1594 in
1087 1530 1217 1595 modum
1232 1551 1305 1593 arn-

152 1633 308 1718 plificata,
332 1636 434 1699 factus
457 1656 489 1698 es
513 1633 633 1712 Oaesar,
666 1656 730 1698 non
754 1656 792 1699 ex
815 1635 941 1719 imperii
966 1636 1092 1720 quidem
1115 1633 1306 1712 dicionibus,

152 1738 241 1820 cujus
264 1740 318 1802 vix
342 1740 485 1803 umbram
505 1739 677 1817 habemuS,
707 1760 816 1802 verum
846 1760 884 1802 ex
906 1741 962 1802 tuo
984 1739 1084 1822 ipsius
1105 1737 1304 1823 patrimonio

152 1849 183 1908 et
206 1844 299 1907 avitis
323 1844 571 1928 possessionibus
595 1844 690 1928 longe
712 1844 960 1926 potentissimus.
1005 1843 1074 1918 Quo
1096 1844 1131 1907 in
1152 1846 1210 1906 tuo
1233 1863 1305 1906 ma-

152 1948 291 2032 gistratu
315 1949 575 2013 considerandum
606 1952 654 2012 cst
683 1949 716 2010 in
747 1949 878 2032 primis,
913 1955 950 2013 61
982 1971 1047 2013 666
1079 1946 1175 2013 semel
1206 1949 1306 2011 antea

151 2052 297 2132 diximus,
321 2054 403 2136 quod
426 2053 493 2118 haec
515 2058 580 2151 tam
603 2053 748 2130 illustria,
772 2076 867 2136 quam
891 2075 996 2118 coram
1019 2053 1170 2130 videmus
1192 2072 1303 2115 rerum

150 2158 312 2221 conversio
345 2158 457 2221 incidit
491 2156 524 2220 in
553 2157 644 2240 regni
667 2155 854 2240 imperiique
876 2157 925 2220 tui
959 2156 1177 2240 primordium.
1223 2153 1305 2230 Quae

150 2285 199 2326 res
223 2263 396 2344 prudenter
419 2262 598 2326 examinata
620 2283 753 2344 cumque
775 2262 971 2346 superiorum
988 2265 1166 2344 temporum
1181 2259 1303 2324 collata

151 2365 305 2444 historiis,
328 2367 421 2430 fidem
445 2366 528 2430 haud
552 2365 647 2430 dubie
668 2365 774 2445 faciet,
798 2366 976 2432 instituisse
999 2365 1101 2430 Deum
1123 2367 1156 2428 te
1177 2361 1304 2428 Caesare

151 2490 304 2552 magnum
343 2470 492 2553 quiddam
529 2474 561 2534 et
601 2471 823 2553 conspicuum,
863 2472 896 2535 in
933 2472 1015 2556 quod
1051 2474 1120 2534 tota
1153 2467 1304 2550 respiciat

151 2574 331 2655 posteritas.

716 2730 733 2769 *

149 2887 243 2968 [167]
269 2886 315 2948 La
338 2885 460 2970 dignite
483 2885 520 2948 de
542 2883 693 2967 l’Empire
716 2884 766 2947 fut
785 2885 982 2967 transportee
997 2884 1034 2948 de
1050 2905 1085 2947 sa
1100 2882 1221 2948 famille
1237 2906 1302 2949 aux

150 2988 273 3053 Othons
297 2990 334 3052 de
356 2988 451 3067 Sane,
487 2994 518 3052 et
540 2990 570 3053 le
593 2988 717 3052 dernier
740 2989 777 3052 de
799 3009 833 3052 ce
856 3009 947 3065 nom,
981 2988 1092 3052 Prince
1113 2987 1152 3052 de
1175 2990 1301 3072 grande

147 3095 293 3177 louange,
316 3093 353 3156 fit
374 3097 446 3156 tant
469 3115 529 3176 que
552 3095 646 3176 [168]
670 3093 702 3157 la
724 3093 887 3177 puissanoe
911 3092 1017 3157 d'elire
1039 3093 1084 3156 les
1106 3091 1300 3175 Emperenrs

147 3201 195 3260 est
218 3196 416 3281 aujourdhuy
440 3201 458 3260 a
481 3219 559 3260 ceux
581 3198 619 3262 de
652 3201 760 3261 nostre
788 3202 865 3282 gent
897 3202 928 3261 et
958 3198 1079 3261 nation.
1114 3219 1148 3262 ce
1180 3197 1236 3279 qui
1267 3219 1303 3261 se

147 3301 213 3364 doit
236 3301 319 3363 aussi
341 3304 455 3364 mettre
478 3322 517 3364 en
540 3303 611 3365 date
634 3302 687 3366 des
711 3300 819 3366 choses
843 3302 1059 3366 memor-ables.
1099 3300 1189 3366 Ceste
1210 3301 1301 3386 puis·

147 3427 239 3470 sance
263 3428 281 3469 6
303 3405 386 3488 desja
409 3407 553 3470 demeure
575 3406 646 3491 plus
676 3407 713 3471 de
737 3405 776 3471 V.
805 3428 877 3471 cens
900 3429 957 3472 ans
981 3429 1019 3470 cn
1043 3410 1151 3471 nostre
1173 3406 1300 3486 nation,

713 3580 730 3618 ⁹5

148 3717 243 3798 [102]
267 3715 315 3780 De
338 3718 369 3781 la
391 3717 513 3781 familia
542 3718 628 3782 deste
659 3740 692 3781 se
720 3739 813 3802 passo
843 3718 875 3781 16
906 3717 1055 3802 dignidad
1084 3717 1134 3782 dcl
1156 3717 1300 3804 Imperio

97 3807 100 3812 ¹
146 3843 165 3883 a
187 3819 234 3883 los
258 3820 391 3886 Ottones
414 3823 543 3905 Duques
567 3823 605 3887 de
619 3821 764 3887 Saxonis.
788 3845 809 3906 y
833 3845 876 3885 un
898 3823 1131 3887 valerosissimo
1146 3822 1300 3908 Principe

146 3945 207 4007 que
229 3924 283 3987 fue
306 3926 335 3988 el
357 3930 500 4007 postrero
523 3927 610 3991 deste
632 3928 773 4004 nombre,
798 3927 868 3990 hino
890 3929 990 4004 tanto,
1018 3949 1139 4010 queen
1162 3933 1299 3996 nuestra

144 4033 240 4112 gente
262 4053 283 4113 y
306 4031 420 4094 nacion
443 4035 509 4096 esta
532 4033 561 4096 61
584 4032 696 4096 diade
727 4052 767 4115 oy
791 4032 822 4094 16
852 4031 998 4114 potestad
1027 4032 1066 4095 de
1095 4031 1195 4116 elegir
1217 4031 1299 4099 Ern-
1339 4012 1346 4023 ¹

142 4135 323 4215 peradores:
348 4135 379 4197 lo
403 4135 477 4218 qual
500 4136 641 4200 tambien
664 4157 696 4199 se
719 4136 795 4200 deve
818 4140 928 4200 contar
948 4140 1037 4202 entre
1052 4137 1099 4200 las
1114 4158 1201 4202 cosas
1217 4159 1299 4224 mny

144 4240 360 4303 memorables.
407 4240 438 4302 Y
460 4245 529 4304 esta
551 4241 696 4324 potestad
725 4241 768 4304 ha
797 4264 838 4324 ya
870 4263 930 4324 que
960 4265 992 4306 se
1024 4264 1174 4308 conserva
1203 4247 1300 4310 entre

143 4348 272 4406 nuestra
295 4347 391 4428 gente
413 4367 480 4409 mas
504 4346 541 4409 de
564 4347 745 4429 quinientos
768 4353 864 4410 arios:
