2858 5054
688 320 749 382 177

135 493 262 577 septare
292 490 330 555 de
359 512 413 569 re,
449 512 544 573 quam
572 513 664 555 nemo
698 496 802 578 neget.
848 491 968 557 Similis
999 496 1094 579 plane
1127 496 1208 563 ratio
1240 504 1289 564 est

136 599 320 661 nostrorum
344 599 530 679 temporum.
563 594 680 660 Sinon
702 603 962 681 conspuroassent
984 600 1092 665 omnia
1113 605 1288 685 pontificae,

136 700 200 764 nisi
223 700 393 765 crudeliter
416 705 448 764 et
470 722 562 765 avare
585 701 740 785 egissent,
769 706 800 765 et
823 703 850 765 si
873 702 1057 766 mandatum
1082 705 1157 788 ipsis
1180 731 1199 772 a
1222 707 1289 774 Deo

137 827 254 870 munus
276 804 447 888 diligenter
478 805 671 883 obivissent,
705 806 787 869 nihil
819 828 897 889 opus
929 810 1010 870 esset
1040 807 1131 872 hodie
1161 810 1289 896 litigare

138 931 232 994 super
255 909 314 974 hoe
337 914 542 995 argument0,
577 914 608 973 et
639 932 678 974 ne
702 911 892 994 cogitassent
914 911 1040 993 quidem
1063 912 1206 978 homines
1230 916 1289 978 ali·
1325 964 1330 971 .

138 1013 216 1097 quid
231 1012 360 1097 hujusoe
376 1014 430 1078 rei.
464 1014 523 1078 Sed
540 1015 689 1098 quoniam
705 1015 766 1098 ipsi
783 1014 948 1079 materiam
971 1039 1008 1080 ao
1029 1017 1128 1081 veluti
1150 1002 1288 1104 segetem

138 1122 299 1204 perpetuae
320 1119 388 1182 litis
405 1104 600 1197 invexerunt,
625 1143 756 1203 eamque
771 1121 971 1190 vehementer
986 1121 1079 1185 hodie
1093 1143 1288 1207 persequun-

140 1228 203 1302 tur,
227 1246 306 1308 opus
329 1227 394 1302 est,
418 1227 454 1287 ut
475 1223 582 1288 lumen
608 1225 733 1308 aliquod
758 1223 929 1302 inferatur,
953 1247 1015 1308 quo
1037 1228 1167 1311 propius
1190 1227 1289 1291 videri

142 1349 235 1392 eausa
256 1327 358 1411 possit
380 1331 412 1392 et
434 1328 608 1412 dijudicari.
730 1365 732 1369 ·

227 1431 270 1496 Et
292 1432 447 1516 principio
470 1433 596 1515 quidem
619 1437 739 1498 certum
763 1438 819 1513 est,
848 1457 919 1498 eum
942 1435 1039 1499 fuisse
1062 1436 1218 1500 duntaxat
1240 1458 1290 1500 eo-

140 1537 243 1601 elesiae
266 1536 417 1601 Romanae
440 1538 628 1622 episcopum.
674 1538 737 1602 Cur
769 1539 854 1602 enim
884 1539 965 1603 alius
994 1561 1061 1604 esse
1093 1541 1205 1606 debeat
1235 1545 1291 1606 aut

142 1641 245 1724 major
270 1662 365 1724 quam
388 1643 454 1722 illi,
486 1643 539 1726 qui
563 1666 618 1727 per
642 1647 759 1707 ceteras
783 1644 936 1723 dioiones‚
960 1645 1089 1722 Asiam,
1113 1645 1236 1730 Syriam
1260 1652 1291 1711 et

144 1747 331 1833 AEgyptum,
355 1750 491 1814 ecclesiis
506 1749 723 1833 praefuerunt?
760 1749 848 1813 Adeo
869 1770 942 1813 vero
966 1750 1087 1814 nullam
1109 1754 1187 1815 tuno
1209 1755 1291 1815 tem·

143 1852 230 1936 poris
253 1852 366 1917 habuit
389 1858 597 1938 potestatem,
630 1859 666 1917 ut
697 1856 792 1918 etiam
806 1938 808 1942 Ι
821 1856 854 1918 in
879 1854 1015 1918 latebras
1038 1854 1151 1919 abdere
1173 1878 1206 1919 se
1228 1877 1292 1919 non

144 1978 216 2022 raro
239 1963 422 2043 cogeretur,
445 1960 704 2043 persequentibus
729 1959 884 2044 evangelii
907 1959 1132 2042 professionem
1156 1960 1292 2042 impera-

144 2061 277 2138 toribus,
302 2063 340 2126 ad
364 2068 521 2128 trecentos
544 2065 670 2130 circiter
693 2088 801 2143 annos,
826 2087 887 2149 quo
906 2069 1049 2149 tempore
1064 2063 1292 2128 Constantinus

147 2163 250 2230 Caesar
274 2165 393 2232 Christi
415 2170 602 2254 religionem
626 2170 788 2253 amplexus
811 2170 881 2235 fuit.
927 2169 970 2233 Et
991 2169 1043 2233 hio
1065 2190 1140 2233 sane
1163 2169 1292 2233 dubium

145 2293 209 2334 non
232 2276 280 2335 est
308 2274 385 2357 quin
416 2297 533 2360 magna
562 2276 692 2339 caritate
722 2274 1002 2357 benevolentiaque
1035 2274 1078 2337 sit
1110 2276 1294 2356 prosecutus

147 2377 312 2441 ministros
333 2382 365 2443 et
387 2379 528 2444 doctores
543 2381 640 2458 verbi,
666 2381 719 2443 sed
735 2384 857 2444 tantam
877 2381 942 2464 ejus
957 2379 1182 2443 liberalitatem
1198 2378 1295 2441 fuisse

713 2502 731 2540 a

147 2588 244 2652 allein
268 2593 421 2672 gewartet
443 2590 570 2669 hetten,
599 2591 659 2653 wie
681 2589 810 2668 billioh,
841 2612 924 2653 were
946 2589 1025 2652 auoh
1049 2589 1131 2653 diser
1153 2587 1214 2651 zeit
1236 2609 1294 2671 gar

147 2691 299 2775 nnndtig,
331 2714 393 2756 von
417 2693 515 2756 disem
540 2693 779 2778 Argumentari
809 2695 922 2770 reden,
954 2693 1018 2756 und
1043 2714 1075 2755 es
1099 2692 1205 2754 wiirde
1226 2692 1295 2754 nie·

148 2795 244 2860 mand
267 2819 307 2859 an
331 2797 419 2860 disen
442 2799 534 2861 streit
558 2798 693 2882 gedaeht
722 2797 836 2862 haben.
881 2797 982 2861 Dweil
1006 2797 1051 2859 sie
1074 2797 1202 2859 eseber
1226 2797 1293 2859 ein-

147 2896 281 2986 gefirret,
305 2903 377 2984 [28]
402 2902 465 2967 und
488 2904 547 2967 ietz
570 2925 628 2988 gar
651 2904 768 2988 trbtzig
790 2897 899 2967 herfbr
921 2901 1056 2976 rucken,
1081 2903 1167 2962 must
1189 2921 1221 2962 es
1243 2921 1292 2962 er·

148 3007 247 3070 oltiret
268 3008 413 3085 werden,
449 3009 548 3072 damit
578 3008 655 3072 aller
684 3008 820 3072 falsoher
851 3006 917 3070 und
947 3007 1166 3090 ungegr‘unter
1188 3004 1292 3082 wohu,

148 3110 315 3195 hingelegt
338 3112 462 3174 werden
486 3117 568 3197 mdg.

149 3215 223 3280 Und
248 3215 430 3300 anfenglieh
454 3217 511 3279 ists
533 3216 656 3300 kundig
679 3216 742 3279 und
766 3215 879 3300 gewis,
914 3216 968 3279 das
997 3237 1030 3278 er
1062 3214 1150 3278 niehs
1182 3215 1293 3278 andere

149 3342 289 3406 gewesen
315 3322 357 3383 ist
380 3319 456 3401 (han
480 3319 559 3383 auch
582 3320 631 3383 nit
655 3320 743 3384 mehr
766 3321 847 3404 sein)
879 3321 962 3384 daun
985 3321 1045 3420 eiun
1059 3319 1202 3382 Bisohoff
1221 3319 1295 3383 oder

151 3425 298 3508 pfarherr
330 3429 368 3489 zd
403 3425 525 3503 Rhom,
563 3425 665 3508 gleich
703 3425 760 3488 wie
792 3425 823 3487 in
857 3425 987 3501 lndien,
1023 3422 1192 3507 Agypten,
1232 3424 1298 3486 und

151 3528 289 3592 anderen
312 3529 401 3591 mehr
424 3533 524 3607 orten,
549 3529 697 3606 Bisehoff,
721 3530 795 3592 oder
818 3528 971 3612 Evangeli
994 3527 1156 3610 prediger,
1179 3527 1210 3588 in
1237 3529 1295 3590 den

150 3637 270 3697 stitten
294 3634 350 3697 hin
375 3635 439 3698 und
462 3635 558 3698 wider
580 3656 693 3697 waren.
732 3632 797 3696 Hat
819 3633 898 3696 auch
921 3631 1063 3695 dazbmal
1086 3651 1120 3693 so
1144 3651 1202 3714 gar
1223 3631 1297 3693 kein

151 3739 305 3802 ansehens
329 3738 433 3816 mehr,
464 3739 518 3803 das
542 3761 575 3802 er
598 3738 655 3802 offt
678 3738 745 3823 sein
768 3739 858 3802 leben
883 3741 920 3801 ab
942 3739 1098 3813 erretteu,
1133 3734 1225 3798 dweil
1248 3735 1298 3798 die

152 3832 319 3908 Rdmisehe
342 3843 453 3908 Keiser
482 3845 536 3908 das
566 3844 720 3928 Evangeli
750 3842 945 3927 verfolgten,
981 3839 1047 3904 sioh
1082 3839 1139 3903 hat
1173 3833 1298 3902 mitssen

152 3948 334 4032 verborgen.
376 3948 450 4012 Und
474 3949 539 4012 also
561 3948 633 4012 hats
657 3948 830 4032 gestanden
855 3947 913 4010 wol
938 3944 989 4008 bei
1013 3943 1056 4026 iij.
1081 3942 1219 4006 hundert
1237 3940 1298 4024 jar,

153 4053 233 4117 nach
264 4053 317 4115 des
341 4052 465 4116 Herren
497 4054 560 4117 tod.
607 4052 652 4116 Zd
681 4052 814 4116 weloher
843 4050 904 4114 zeit
926 4048 1038 4112 Keiser
1060 4047 1298 4123 Constantinus,

154 4159 204 4222 die
226 4157 416 4222 Christliohe
446 4158 510 4223 lere
540 4159 605 4221 und
634 4157 771 4242 glauben
802 4176 998 4240 angenomen
1028 4153 1093 4216 hat.
1139 4149 1213 4213 Und
1244 4150 1299 4213 das

153 4264 330 4348 obgemelte
345 4262 465 4339 Keiser,
489 4285 544 4328 aus
568 4284 693 4348 grosser
715 4263 813 4327 frewd
835 4261 899 4324 und
919 4261 983 4323 lust
998 4280 1053 4321 zur
1068 4256 1224 4340 Religion,
1250 4258 1300 4322 die

156 4368 328 4453 pfarrherr,
352 4367 417 4431 und
440 4369 494 4432 des
514 4368 668 4455 Evangeli
690 4369 855 4453 prediger,
880 4365 960 4430 auoh
982 4363 1033 4427 die
1054 4361 1221 4521 pprstende
1244 4361 1300 4426 Bi·

199 4487 322 4530 ererum
