2858 5054
720 341 781 405 110

260 512 303 580 Et
325 536 506 599 quanquam
528 514 595 579 haec
616 513 723 578 omnia
747 513 823 578 estis
846 513 970 591 conati,
998 516 1104 576 tamen
1129 536 1192 578 non
1217 513 1324 597 potuit

172 643 238 685 esse
253 625 344 685 tanta
355 625 457 685 vestre
473 620 648 705 diligentia,
673 620 751 703 quin
767 619 815 683 illi
831 619 916 701 vo[H
927 618 1041 701 iiij]bis
1058 622 1088 681 et
1104 620 1274 683 scientibus
1292 623 1324 684 et

172 714 619 809 inspicientibus'crescercnt,
644 729 676 788 et
698 746 783 788 nunc
806 724 839 786 in
862 746 933 787 eum
958 723 1024 787 sint
1047 724 1233 807 amplificati
1254 747 1323 788 mo-

172 831 256 907 dum,
280 835 317 893 ut
339 830 433 894 etiam
459 830 491 908 ii,
505 831 569 913 -qui
593 830 734 894 nondum
750 851 782 893 se
798 828 1030 912 conjunxerunt
1046 850 1116 892 cum
1129 830 1217 913 ipsis,
1240 831 1323 893 male

172 935 209 998 da
231 935 319 998 vobis
342 938 374 999 et
396 935 500 998 minus
523 935 672 1019 praeclarc
702 935 851 998 sentiant.
897 933 1079 998 Abhorrcnt
1102 958 1120 999 a
1143 935 1231 998 vobis
1254 935 1321 1019 ple-

170 1040 261 1124 rique
283 1062 409 1116 omneS,
444 1043 476 1103 et
507 1039 583 1103 mali
606 1040 723 1103 ominis
746 1061 819 1132 aves
841 1061 896 1103 vos
920 1061 986 1103 esse
1009 1043 1133 1122 putant.
1180 1038 1259 1102 Cum
1282 1040 1322 1104 ad

170 1146 298 1210 comitia
320 1145 441 1229 legatos
464 1145 604 1222 mittitis,
631 1145 678 1209 illi
701 1145 746 1209 sic
769 1145 985 1228 accipiuntur,
1019 1147 1054 1207 ut
1086 1144 1178 1208 facile
1201 1144 1322 1209 intelli·

173 1254 273 1336 gant,
308 1249 443 1313 multum
474 1250 589 1313 veteris
621 1250 707 1313 illius
738 1254 769 1313 et
800 1250 998 1314 auctoritatis
1029 1253 1061 1314 et
1092 1250 1204 1334 gratiae
1233 1251 1323 1315 vobis
1408 1305 1411 1310 .

169 1355 311 1438 periisse.
357 1352 438 1428 Quid
468 1353 556 1418 vobis
585 1358 633 1418 est
663 1355 779 1432 animi,
814 1376 885 1419 cum
910 1355 971 1418 ists
993 1354 1190 1419 recitantur?
1234 1353 1322 1418 Num

170 1462 260 1523 vetus
283 1458 362 1522 illud
385 1461 417 1522 et
439 1458 528 1522 vobis
551 1458 838 1523 familiarissimum
853 1481 908 1524 vos
924 1460 1115 1537 consolatur,
1139 1459 1220 1523 illud
1242 1460 1321 1538 dico,

57 1649 60 1655 ν
170 1563 254 1647 quod
277 1561 437 1626 Honorius
461 1561 546 1647 Papa
570 1563 727 1628 Friderico
744 1565 879 1630 secundo
896 1564 1008 1628 Caesari
1027 1565 1141 1629 dicitur
1157 1564 1322 1629 nuntiasse

171 1667 348 1751 quondam:
382 1667 498 1753 agitari
530 1670 656 1752 quidem
686 1692 775 1753 posse
805 1670 983 1735 naviculam
1006 1670 1094 1735 Petri
1117 1670 1266 1734 fluctibus
1290 1674 1323 1734 et

174 1773 277 1852 undis,
302 1795 365 1836 non
382 1774 477 1838 etism
494 1776 631 1860 opprimi
648 1778 712 1839 -1
743 1776 862 1840 Verum
878 1776 1002 1859 quidem
1019 1779 1067 1840 est
1090 1775 1184 1852 istud,
1208 1775 1261 1838 sed
1283 1774 1321 1853 is,

171 1879 226 1962 qui
250 1878 425 1942 naviculam
456 1880 538 1945 hanc
569 1881 744 1965 gubernat,
781 1882 857 1945 adeo
887 1903 941 1945 vos
973 1881 1173 1945 vehementer
1204 1879 1323 1943 invasit

172 1988 204 2047 et
226 1985 390 2069 corripuit,
414 1990 449 2050 ut
468 1987 580 2051 merito
596 1989 639 2051 sit
653 1988 876 2070 trepidandum
891 1987 980 2050 vobis
997 1991 1028 2048 et
1044 1983 1320 2066 expavescendum.

169 2089 204 2155 Si
224 2091 322 2154 vest-ri
344 2091 516 2156 adversarii
539 2092 584 2156 sic
605 2098 734 2177 possent
758 2114 777 2155 a
800 2092 888 2156 vobis
911 2091 1060 2170 coerceri,
1093 2089 1195 2152 solum
1225 2092 1260 2151 ut
1283 2110 1322 2150 cx

738 2212 755 2250 a

169 2295 211 2361 So
233 2297 313 2361 hat¹
337 2299 415 2363 euch
439 2298 502 2363 Got
525 2300 608 2364 das’
630 2301 664 2364 in
687 2301 760 2364 sinn
784 2300 903 2385 geben,
929 2299 983 2363 das
1006 2298 1034 2361 ir
1058 2299 1103 2361 sie
1126 2297 1187 2360 mit
1208 2296 1322 2359 sehen·

170 2401 230 2466 den
255 2424 356 2487 angen
381 2402 499 2468 habent
522 2406 623 2469 lassen
648 2409 799 2469 zhnemen
824 2405 889 2468 und
917 2404 1149 2480 auffwachsen,
1183 2401 1248 2464 und
1278 2402 1322 2464 ist

169 2528 236 2571 nun
259 2507 356 2572 dahin
381 2509 505 2587 komcn,
531 2510 585 2574 das
608 2533 682 2574 man
707 2533 787 2575 ewer
810 2511 859 2575 nit
884 2510 973 2574 mehr
995 2509 1111 2574 achtet.
1148 2506 1215 2570 nus
1236 2507 1320 2570 allen

168 2616 276 2677 brtern
301 2613 365 2676 und
388 2613 593 2694 beilrunften,
624 2616 663 2680 da
685 2638 746 2680 von
770 2617 859 2680 disen
883 2617 997 2680 sachen
1021 2612 1193 2700 gehandelt
1215 2611 1319 2689 wirdt,

169 2716 257 2781 seind
281 2718 309 2780 ir
331 2725 541 2804 onangendm,
566 2720 646 2784 auch
669 2721 721 2784 bei
745 2722 864 2799 denen,
889 2721 938 2784 dic
961 2720 1030 2784 sich
1053 2740 1134 2783 ewer
1156 2716 1238 2781 noch
1262 2739 1320 2781 an-

169 2845 292 2888 nemen.
338 2823 414 2888 Man
435 2825 539 2889 haltet
560 2826 638 2890 euch
662 2821 714 2890 111
737 2825 960 2911 ongltickliche
982 2823 1084 2909 vbgel,
1113 2823 1162 2886 die
1185 2822 1321 2885 nimmer

168 2928 242 2994 hein
266 2928 363 2994 schbn
386 2933 497 2994 wetter
519 2931 643 3015 singen.
689 2931 766 2994 Man
790 2931 905 2995 heisset
928 2930 1005 2994 euch
1031 2929 1154 2992 dermas
1179 2926 1318 3002 wilkom,

168 3033 234 3097 und
256 3033 327 3117 gibt
349 3032 427 3096 euch
450 3033 536 3097 solch
560 3033 754 3097 freundtlich
785 3035 921 3118 geberd,
957 3035 1011 3098 das
1043 3033 1166 3096 111111
1188 3030 1318 3093 zweiten

168 3137 233 3200 mal
255 3137 306 3200 nit
328 3137 501 3201 widerumb
524 3138 663 3201 koment.
711 3137 767 3201 Ihr
793 3139 923 3203 wollent
952 3139 1012 3202 den
1035 3135 1234 3200 Richterstdl
1265 3134 1319 3197 be·

169 3242 287 3318 sitzen,
321 3241 386 3304 und
409 3244 552 3305 mirssent
574 3242 654 3305 doch
676 3242 816 3306 hereber.
863 3243 987 3307 Vorhin
1020 3242 1116 3327 gieng
1145 3262 1219 3303 man
1242 3239 1320 3302 ench

168 3345 229 3411 mit
243 3345 355 3410 Creutz
370 3345 435 3408 und
451 3346 512 3410 mit
528 3345 636 3409 Fanen
652 3351 820 3432 entgegen,
844 3350 915 3432 yetz
937 3347 1022 3410 sihet
1044 3367 1118 3409 1111
1141 3344 1219 3408 euch
1242 3338 1320 3407 irbcr

169 3451 219 3515 die
238 3449 341 3515 achsel
365 3471 406 3513 an
431 3447 534 3514 ”Gott
556 3451 611 3514 der
633 3450 707 3514 herr
730 3454 802 3537 sagt
825 3456 864 3516 zii
887 3452 993 3516 seinen
1006 3451 1155 3533 jlingern,
1180 3448 1230 3512 die
1246 3448 1321 3511 welt

168 3551 274 3622 winde
294 3556 339 3620 sie
370 3555 501 3634 hassen,
537 3556 685 3634 darumb,
721 3557 775 3620 das
806 3557 851 3621 sic
874 3557 924 3620 nit
945 3579 1007 3620 von
1031 3556 1085 3619 der
1108 3555 1182 3619 welt
1204 3574 1318 3616 weren.

168 3662 255 3727 Aber
278 3661 338 3724 mit
361 3661 439 3725 euch
461 3660 534 3724 hats
557 3661 635 3724 eben
659 3661 714 3726 das
737 3662 931 3746 widerspiel,
963 3661 1019 3724 lhr
1050 3659 1137 3723 seind
1162 3656 1318 3722 weibliche

166 3768 279 3831 kinder
313 3766 376 3830 und
405 3765 549 3831 dennoch
583 3766 672 3830 seind
706 3767 735 3830 ir
767 3767 816 3831 bei
848 3767 901 3830 der
923 3767 999 3830 welt
1030 3765 1077 3828 nit
1101 3764 1164 3827 fast
1186 3762 1318 3848 geliebt.

167 3872 233 3938 Das
255 3873 298 3935 ist
316 3872 351 3954 ja
368 3871 438 3935 eine
453 3871 585 3935 selsame
600 3874 819 3956 verdnderung
830 3870 851 3936 ³.
883 3871 1019 3935 Hettent
1034 3869 1078 3933 irs
1094 3891 1150 3933 vor
1165 3868 1320 3951 zwentzig

166 3978 255 4062 jarcn
279 3977 459 4062 gemeinet?
504 3975 610 4039 Wenn
641 3997 740 4040 ewere
762 3975 911 4040 Oratores
944 3974 1023 4039 euch
1056 3974 1161 4037 solche
1191 3972 1320 4057 zeitnng

167 4081 392 4158 zhschreiben,
426 4081 502 4145 oder
530 4079 710 4144 mtndtlich
737 4080 883 4157 crz'alcn,
917 4078 977 4143 wie
1000 4078 1042 4142 ist
1065 4077 1143 4141 euch
1166 4080 1204 4142 11
1226 4079 1319 4140 mill?

170 4187 242 4269 [71]
266 4185 474 4250 Vermcinent
495 4184 540 4248 irs
562 4187 643 4248 etwa
664 4183 770 4248 besser
802 4187 841 4251 11
871 4182 997 4248 haben?
1042 4181 1107 4246 Das
1129 4181 1244 4246 sollent
1266 4181 1320 4245 ihr

240 4411 253 4467 l
274 4409 352 4466 Doch
369 4409 442 4465 hats.
512 4410 530 4464 1
548 4407 621 4464 fehlt
639 4408 699 4464 das.
770 4410 787 4464 3
809 4408 882 4464 fehlt
900 4413 917 4466 3
935 4408 978 4464 bis
996 4411 1020 4465 3.
