2858 5054
700 359 761 420 198

155 533 291 610 vindex,
325 532 465 615 ipsorum
500 535 605 595 tamen
638 530 787 594 ferociam
819 533 851 593 et
881 529 1117 612 improbitatem
1150 552 1214 594 nou
1236 530 1307 596 fore

155 638 347 701 diuturnam.
379 635 545 700 Persarum
562 635 740 717 imperium,
765 635 811 697 ait
825 633 928 711 Plato,
952 635 1166 717 corru[R]isse
1188 639 1306 714 totum,

154 765 190 807 eo
214 743 297 826 quod
321 743 416 805 nimis
440 763 557 825 magna
579 743 730 805 servitute
754 745 948 824 premeretur
971 740 1115 823 populus.
1153 740 1203 805 Ita
1226 765 1306 825 quo-

155 871 215 932 que
237 847 381 911 futurum
404 851 452 910 est
475 847 570 909 dubio
592 849 718 929 procul,
751 848 787 908 ut
810 848 841 908 et
864 845 995 909 istorum
1020 846 1306 927 impotentissimus

154 953 333 1016 dominatus
357 952 502 1028 intereat,
526 950 601 1033 quia
623 972 719 1034 supra
741 950 868 1013 modum
892 954 939 1013 est
962 951 1130 1028 violentus,
1160 955 1200 1029 et,
1225 974 1305 1034 quo-

153 1060 241 1122 niam
264 1059 348 1122 flecti
370 1080 433 1121 non
459 1061 572 1140 potest,
597 1057 628 1120 vi
649 1060 686 1119 ut
708 1059 875 1138 rumpatur
898 1059 988 1138 oport
1008 1060 1031 1119 t.

242 1163 291 1227 Ad
315 1164 434 1227 exitum
456 1166 639 1247 properant,
668 1162 755 1225 etin
780 1183 868 1224 suam
892 1162 953 1244 ipsi
977 1162 1103 1226 ruinam
1125 1163 1305 1245 praecipites
1385 1170 1388 1176 “

155 1271 312 1346 feruntur,
337 1271 465 1352 ejusque
481 1268 525 1330 rei
542 1266 759 1331 manifestiora
781 1267 922 1350 quotidie
940 1267 1083 1349 praebent
1106 1272 1304 1350 argumenta.

156 1375 218 1454 Qui
241 1397 326 1438 nunc
346 1396 450 1437 1616111
475 1373 605 1456 potitur,
630 1371 747 1435 Paulus
769 1371 899 1450 tertius,
935 1372 967 1434 in
992 1372 1031 1435 iis
1054 1373 1191 1450 litteris,
1227 1395 1305 1457 quas

157 1504 255 1563 nuper
278 1480 316 1543 ad
340 1483 489 1562 quartum
513 1477 656 1540 calendas
679 1476 810 1541 Martias
834 1478 920 1540 dedit
943 1478 981 1541 ad
1005 1478 1165 1559 quosdam,
1194 1479 1228 1541 in
1250 1500 1305 1542 co·

156 1587 248 1650 mitio
261 1585 370 1667 Spirae,
383 1583 560 1648 Germaniae
572 1582 739 1666 principes,
755 1583 911 1666 originem
923 1583 1135 1646 communium
1149 1583 1306 1648 malorum

156 1691 254 1755 refert
269 1691 306 1753 ad
324 1688 407 1753 bella
423 1688 613 1771 dissidiaque
635 1708 756 1772 regum,
779 1690 810 1749 et
823 1686 945 1764 scribit,
968 1691 1042 1751 ante
1057 1688 1124 1752 haec
1137 1689 1230 1766 bella,
1247 1712 1306 1754 uec

156 1797 189 1859 iu
201 1794 371 1858 Germania
383 1793 525 1856 extitisse
535 1792 667 1856 haereses
680 1792 780 1855 necin
792 1791 971 1856 Pannonias
981 1791 1170 1876 Italiamque
1182 1795 1307 1858 venisse

156 1902 282 1966 Turcas.
320 1897 454 1963 Unicum
471 1898 572 1982 igitur
588 1901 619 1960 et
635 1919 792 1961 summurn
809 1919 875 1961 esse
891 1897 1062 1962 remedium
1085 1899 1170 1976 dicit,
1194 1901 1231 1963 ut
1247 1920 1305 1982 po-

720 2038 737 2075 ’l‘

155 2148 246 2231 [130]
272 2147 369 2211 Paule
391 2146 569 2221 troisieme,
606 2145 660 2226 qui
691 2149 738 2207 est
769 2147 787 2207 a
817 2147 945 2226 present
967 2143 1071 2226 Pape,
1106 2168 1168 2208 aux
1193 2144 1305 2210 lettres

155 2254 230 2335 qu'il
266 2276 284 2314 a
318 2251 545 2314 freischement
581 2249 707 2312 escrites
740 2249 769 2311 le
803 2249 1025 2331 vingtsixieme
1060 2251 1096 2312 de
1126 2250 1252 2314 Fevrier
1287 2255 1306 2315 a

156 2358 305 2440 quelques
330 2356 459 2419 Princes
482 2354 689 2438 d'Alemagne
723 2355 776 2436 qui
809 2357 956 2438 estoyent
984 2375 1022 2417 en
1054 2356 1086 2418 la
1114 2356 1243 2436 journee
1268 2358 1306 2422 de

154 2462 254 2542 Spire,
278 2461 391 2542 rejette
414 2460 560 2540 l’origine
584 2459 636 2520 des
658 2481 752 2522 16661(
776 2480 938 2522 6616111666
961 2481 1022 2521 aux
1045 2480 1172 2540 guerres
1194 2464 1226 2525 et
1242 2461 1305 2525 dif-

154 2567 259 2629 ferens
292 2566 344 2628 (166
368 2565 463 2627 Rois:
496 2568 527 2626 et
560 2564 608 2625 dit
641 2585 700 2646 que
731 2563 847 2626 devant
873 2584 922 2626 ces
946 2584 1073 2645 guerres
1097 2563 1120 2626 il
1143 2567 1198 2648 n'y
1219 2567 1307 2631 avoit

72 2662 75 2667 ¹
154 2670 289 2733 heresies
320 2691 356 2732 en
389 2667 582 2752 Alemagne,
615 2688 655 2730 ne
678 2667 776 2730 Turcs
810 2689 848 2730 66
872 2665 1016 2751 Hongrie
1049 2688 1088 2730 ou
1113 2668 1214 2733 ltalie.
1261 2669 1306 2736 Le

154 2777 219 2839 seul
246 2777 325 2839 donc
348 2778 381 2838 et
403 2773 566 2838 souverain
591 2773 713 2836 remede
737 2776 826 2850 estre,
852 2794 912 2855 que
931 2773 976 2835 les
992 2793 1141 2854 courages
1159 2774 1211 2837 des
1228 2774 1305 2839 Rois

721 2911 739 2950 lt

155 3022 226 3103 [511]
254 3020 349 3082 Paulo
372 3017 469 3080 tercio
500 3039 560 3099 que
591 3039 688 3101 agorn
717 3022 784 3081 esta
815 3040 853 3082 en
883 3018 915 3080 la
944 3017 1016 3080 silla
1039 3017 1228 3096 Pontifical,
1265 3043 1305 3084 en

154 3125 279 3206 aquella
302 3128 388 3186 carta
411 3120 550 3185 hechas
573 3126 686 3205 veynte
708 3145 728 3206 y
751 3143 822 3206 seys
845 3123 881 3185 de
904 3122 1053 3199 hebrero,
1086 3144 1146 3205 que
1179 3124 1208 3186 61
1233 3127 1304 3187 otro

154 3229 205 3291 dia
228 3227 357 3290 escrivio
381 3250 399 3289 a
426 3227 559 3308 alguuos
583 3221 745 3310 Principes
780 3228 817 3290 de
841 3228 1008 3291 Alemania
1037 3251 1056 3290 a
1086 3227 1117 3290 la
1139 3228 1234 3291 Dicta
1268 3230 1305 3292 de

153 3332 277 3414 Espira,
302 3331 457 3414 atrybuye
479 3330 506 3392 el
531 3330 641 3413 origen
665 3331 701 3394 (16
725 3331 815 3394 todos
839 3335 921 3394 astos
944 3353 1091 3396 comunes
1110 3332 1207 3396 males
1224 3357 1242 3397 a
1258 3333 1306 3396 las

153 3458 283 3518 guerras
306 3458 327 3519 y
350 3435 559 3499 dissensiones
582 3438 619 3500 da
641 3437 688 3500 los
710 3437 829 3520 ReyeS,
854 3462 875 3521 y
898 3437 1016 3503 escrive
1041 3461 1101 3521 que
1125 3441 1214 3501 antes
1244 3461 1305 3521 que

155 3542 273 3603 uviesse
297 3544 379 3605 estas
403 3562 541 3623 guerras,
566 3541 600 3604 ni
624 3542 694 3605 avia
717 3543 808 3605 avido
832 3542 974 3625 heregias
999 3564 1036 3606 en
1061 3543 1245 3621 Alemania,
1270 3545 1304 3607 ni

152 3645 181 3709 el
204 3645 306 3709 Turco
330 3646 399 3709 avia
423 3647 534 3709 venido
565 3669 583 3710 a
607 3647 746 3730 ngria,
780 3647 814 3710 ni
845 3646 990 3710 altalia.
1037 3647 1191 3711 Portanto
1224 3648 1304 3726 diae,

153 3773 202 3814 ser
224 3751 253 3814 61
275 3752 369 3816 66166
392 3775 413 3834 y
435 3751 548 3815 ultimo
571 3753 709 3816 remedio
732 3773 792 3834 que
823 3774 855 3815 se
886 3752 1074 3815 reconcilien
1105 3752 1152 3815 los
1181 3752 1305 3817 animos

720 3889 737 3926 ’l‘

153 3992 302 4057 bestelren
326 3995 442 4058 wurde.
480 3993 544 4057 Der
560 3993 707 4078 K'dnigeu
730 4015 785 4057 aus
807 3993 934 4057 Persien
959 3994 1142 4059 Monarchei
1165 3996 1229 4059 und
1253 4018 1303 4060 re-

153 4099 275 4180 giment
299 4101 340 4162 ist
363 4121 420 4184 gar
444 4099 604 4162 6111161166
629 4119 772 4182 gangen,
796 4103 869 4182 sagt
890 4099 1000 4175 Plato,
1025 4100 1157 4164 darumb
1181 4100 1304 4166 (166616

152 4203 207 4264 das
229 4204 320 4267 volclr
344 4204 375 4266 in
400 4224 540 4288 grassem
565 4201 800 4286 untrtglichem
829 4203 978 4287 beuweng
1007 4205 1071 4268 und
1096 4204 1304 4288 cigenthrtmb

152 4305 281 4369 hielten.
330 4307 405 4370 Α166
428 4308 501 4370 11111
524 4308 572 4370 (116
596 4306 676 4371 auch
699 4306 851 4384 brecheu,
886 4308 1033 4374 sintemal
1066 4310 1148 4373 sichs
1172 4311 1224 4373 nie
1247 4310 1305 4375 hat

6 4414 19 4428 ‘
153 4411 265 4477 wellen
290 4411 412 4499 bicgen,
437 4412 550 4477 souder
571 4416 643 4477 61116
666 4412 745 4477 aller
768 4412 922 4478 steiffsten
945 4414 1193 4502 auffgespauuen
1218 4415 1270 4478 ist.
