2858 5054
672 329 735 391 280

131 501 348 587 litigatoribus
370 499 436 563 suis
451 521 516 563 non
531 503 660 563 careant
683 499 768 583 (quis
789 501 875 563 enim
898 501 1046 566 omnibus
1067 503 1200 586 placeat,
1225 507 1290 566 aut

132 609 228 672 etiam
251 628 284 670 se
306 626 424 688 suaque
447 604 570 688 plaeere
590 605 719 688 optett)
753 608 859 668 tamen
884 605 924 668 ab
947 605 986 668 iis
1010 608 1064 688 qui
1087 611 1170 670 recte
1195 607 1289 669 siue-

133 733 193 795 que
205 709 395 794 praeiudicio
411 708 561 783 iudicant,
585 707 724 790 plurimi,
749 708 795 770 ita
809 712 846 771 ut
862 713 1033 785 merentur,
1057 711 1127 774 fieri
1142 714 1287 775 constat.

133 816 178 879 Te
200 835 341 899 quoque,
366 811 554 877 amicissime
577 810 747 888 Meibomi,
772 811 855 874 inter
878 834 929 875 eos
952 835 1018 876 esse
1042 816 1131 891 novi,
1165 815 1288 896 quibus

131 919 184 983 hic
206 941 310 982 rerum
326 917 585 982 Germanicarum
608 917 813 1000 gravissimus
836 922 867 980 et
889 917 1090 983 fidelissimus
1114 923 1224 983 auctor
1248 920 1288 982 iu

132 1024 238 1108 precio
260 1029 293 1088 et
315 1025 350 1087 in
373 1022 493 1086 deliciis
516 1020 662 1085 habetur.
707 1021 907 1105 Argumento
930 1024 981 1086 vel
1012 1023 1073 1087 hoc
1104 1027 1167 1099 est,
1198 1024 1290 1104 quod

133 1129 199 1192 eius
221 1127 366 1193 libellum
389 1127 427 1191 de
450 1131 586 1209 quatuor
609 1127 741 1190 summis
765 1127 907 1211 imperiis
931 1127 1025 1210 (quae
1041 1129 1136 1213 vulgo
1154 1149 1288 1191 monar-

133 1234 222 1298 chiae
244 1232 452 1316 usurpantur)
476 1232 666 1296 doctissimis
686 1232 816 1296 scholiis
833 1233 897 1295 tuis
914 1233 1106 1296 illustratum
1124 1232 1290 1297 studiosae

134 1337 292 1402 iuventuti
315 1337 349 1398 in
372 1339 476 1399 vestra
498 1335 658 1399 academia
680 1335 720 1398 ad
742 1357 897 1398 summam
922 1337 1080 1417 quandam
1096 1337 1289 1402 historicam

134 1442 239 1506 animo
262 1440 386 1505 facilius
408 1439 731 1522 comprehendendam
764 1441 924 1525 proponis.
971 1441 1158 1506 Rectissime
1189 1464 1287 1506 sane:

134 1549 230 1628 atque
251 1549 287 1608 ut
310 1545 377 1608 eius
401 1544 478 1608 facti
500 1545 548 1608 tui
571 1546 796 1628 approbatores
819 1546 915 1609 habes
937 1547 1101 1628 plurimos,
1125 1547 1219 1610 itaet
1235 1569 1290 1610 me

135 1648 200 1712 illis
220 1669 369 1733 aggrego.
403 1649 508 1726 Quum
525 1652 631 1712 autem
646 1650 794 1725 viderem,
817 1653 920 1712 cetera
936 1650 1061 1732 quidem
1078 1650 1140 1713 viri
1155 1651 1289 1733 scripta,

134 1758 202 1818 tam
227 1775 296 1837 quse
318 1775 357 1817 ex
379 1753 510 1818 Gallicis
533 1752 649 1817 Latina
670 1754 763 1830 fecit,
787 1775 881 1836 quam
905 1775 984 1834 quae
1006 1754 1074 1836 ipse
1097 1755 1289 1838 composuit,

136 1862 168 1922 et
190 1859 308 1922 versari
331 1858 449 1942 passim
471 1859 676 1922 inmanibus
700 1859 911 1946 studiosorum
943 1862 975 1920 et
1009 1859 1134 1941 saepius
1157 1859 1286 1922 recudi:

135 1963 284 2041 mirabar,
310 1963 387 2046 quid
408 1964 537 2027 tandem
553 1964 633 2027 istae
649 1964 727 2027 duae
742 1964 901 2027 orationes
917 1963 1048 2026 meritae
1063 1966 1177 2038 esseut,
1201 1963 1289 2044 quod

136 2068 182 2132 ita
204 2073 391 2151 premantur
414 2074 450 2132 ut
473 2069 633 2133 rarissime
656 2069 909 2152 conspiciantur:
932 2090 1003 2132 cum
1028 2067 1153 2149 quidem
1177 2067 1214 2130 de
1236 2089 1288 2130 re·

135 2173 194 2236 bus
217 2172 312 2258 longe
334 2173 531 2257 gravissimis
554 2174 746 2256 maximique
770 2175 923 2237 momenti
946 2174 1128 2256 disputent,
1161 2192 1227 2235 non
1252 2174 1288 2236 in

136 2277 260 2341 scholae
283 2277 411 2354 umbra,
444 2278 497 2340 sed
526 2277 561 2339 in
584 2278 652 2341 luce
676 2277 866 2361 reipublicae
888 2282 921 2341 st
943 2278 1071 2360 imperii
1095 2276 1286 2345 Germanici.

223 2380 376 2464 Equidem
399 2403 470 2446 cum
493 2381 565 2446 illas
596 2384 630 2445 in
656 2382 846 2446 bibliotheca
868 2382 1024 2447 Matthiae
1041 2382 1160 2468 Bergii,
1185 2406 1287 2448 avun-

137 2485 201 2550 culi
223 2471 379 2549 carissimi
401 2509 431 2570 p.
456 2509 515 2563 m.,
541 2487 672 2570 abipso
695 2487 775 2550 mihi
797 2489 903 2571 legata
924 2487 1127 2571 reperissem,
1160 2509 1196 2551 ao
1219 2509 1288 2552 me-

137 2588 318 2669 minissem,
342 2590 484 2674 abipso,
508 2592 583 2654 dum
605 2591 748 2669 vivebat,
782 2592 816 2655 in
840 2593 932 2656 rebus
954 2592 1126 2656 carissimis
1148 2592 1288 2674 habitas,

138 2694 274 2760 iudicavi
296 2695 375 2758 mihi
398 2697 437 2760 ab
460 2696 594 2763 interitu
617 2695 840 2773 vindicandas,
865 2701 920 2759 aut
942 2701 1043 2774 certe,
1074 2701 1229 2781 quantum
1253 2700 1289 2763 in

138 2821 188 2863 me
210 2805 307 2880 esset,
339 2823 410 2865 cum
432 2801 577 2885 pluribus
600 2799 672 2864 aliis
696 2801 991 2877 communicandas,
1025 2802 1180 2885 aquibus
1203 2801 1290 2868 forte

138 2904 280 2969 nondum
303 2905 387 2969 visae
409 2909 523 2984 essent,
548 2927 664 2990 magno
687 2909 793 2969 autem
818 2928 890 2970 cum
912 2905 1019 2970 fructu
1043 2907 1190 2991 cognosci
1213 2930 1289 2989 pos-

138 3011 219 3074 sent.
267 3009 466 3092 Quamquam
490 3010 574 3072 enim
596 3009 647 3072 his
671 3009 906 3092 quinquaginta
928 3011 1039 3088 annis,
1074 3011 1134 3075 hoc
1157 3011 1291 3094 inquam

138 3111 284 3189 iubilaeo,
308 3116 381 3194 post
403 3133 455 3176 eas
477 3112 616 3195 primum
638 3113 773 3197 scriptas
790 3118 885 3196 atque
901 3114 1002 3178 editas
1018 3115 1145 3198 elapsis,
1170 3137 1291 3200 magna

138 3216 222 3280 facta
245 3219 292 3279 est
315 3219 494 3299 temporum
517 3218 733 3294 commutatio,
759 3219 875 3282 etalio
900 3222 995 3302 atque
1010 3219 1103 3283 aliter
1118 3219 1288 3286 Sleidanus

138 3320 198 3384 hac
220 3322 329 3384 nostra
351 3324 539 3403 tempestate
563 3343 657 3404 quam
680 3343 737 3386 sua
759 3321 815 3386 illa
837 3323 939 3386 dicere
961 3327 1017 3387 aut
1039 3323 1174 3388 seribere
1197 3346 1291 3409 posse

138 3423 298 3489 videatur:
323 3425 434 3509 negari
457 3428 563 3490 tamen
587 3447 650 3489 uon
674 3426 766 3490 debet
789 3427 868 3510 quin
891 3427 931 3503 ii,
956 3428 1012 3510 qui
1035 3428 1075 3491 ad
1096 3428 1291 3511 reipublicae

138 3529 352 3614 gubernacula
374 3531 501 3608 sedent,
524 3531 621 3595 etiam
644 3554 682 3595 ex
705 3531 818 3596 harum
842 3532 974 3596 lectione
998 3533 1177 3596 orationum
1201 3532 1290 3597 salu·

138 3636 221 3700 teria
242 3637 394 3719 quaedam
418 3638 549 3702 consilia
571 3659 729 3702 assumere
752 3642 783 3702 et
807 3639 846 3701 ad
868 3660 960 3701 usum
984 3639 1124 3703 conferre
1150 3638 1287 3720 possint.

227 3740 305 3807 Cum
327 3745 433 3807 autem
456 3744 493 3807 de
515 3743 693 3807 renovanda
714 3743 816 3807 libelli
839 3743 930 3806 istius
953 3743 1090 3806 editione
1105 3742 1291 3827 cogitarem,

140 3839 210 3923 tibi,
233 3846 404 3923 Meibomi,
440 3848 641 3930 potissimum
670 3849 751 3912 dono
778 3850 906 3911 mittere
929 3870 1000 3911 eum
1024 3847 1124 3923 volui,
1161 3851 1230 3910 tum
1254 3852 1293 3911 ut

141 3958 224 4018 esset
253 3973 347 4035 penes
378 3954 410 4015 te
439 3951 566 4033 aliquod
595 3954 722 4016 nost-rae
753 3953 867 4015 veteris
902 3952 1036 4015 notitiae
1070 3951 1293 4034 amicitiaeque

141 4057 268 4141 pignus,
292 4055 373 4119 sicut
396 4076 454 4140 ego
477 4055 542 4118 eius
565 4057 667 4118 multa
688 4054 744 4118 abs
768 4060 799 4118 te
822 4054 940 4119 habeo:
966 4061 1035 4119 tum
1058 4059 1094 4119 ut
1116 4056 1193 4118 hinc
1211 4077 1291 4136 quo-

142 4181 202 4244 que
224 4164 345 4247 peteres
369 4160 452 4243 quod
476 4160 540 4223 sive
564 4160 603 4223 ad
626 4160 801 4244 augendam
824 4161 890 4224 sive
912 4162 950 4224 ad
974 4159 1219 4225 confirmandam
1245 4159 1291 4222 ci·

141 4265 235 4330 vilem
258 4265 470 4350 prudentiam,
495 4287 589 4347 quam
613 4269 648 4328 tu
671 4287 708 4328 ex
731 4265 937 4330 historiarum
964 4286 1048 4348 penu
1072 4265 1292 4346 depromptam

142 4369 338 4435 auditoribus
360 4369 424 4437 tuis
447 4371 590 4454 apponis,
614 4370 798 4454 pertineret.
838 4351 926 4435 Vale.
949 4397 954 4409 ·
974 4367 1138 4453 Altorphii
1160 4367 1194 4430 in
1218 4388 1290 4431 aca-
