2858 5054
677 338 740 400 218

132 491 261 578 illorum
283 512 368 596 leges
391 513 487 594 atque
509 511 751 578 constitutiones
776 513 902 593 oportet
924 510 969 575 sic
991 532 1059 576 esse
1081 516 1296 596 temperatas,

134 620 171 682 ut
194 622 365 702 appareat,
400 615 481 680 nihil
516 637 568 679 eos
598 615 684 680 aliud
707 619 865 700 spectasse
887 637 982 699 quam
1005 616 1116 701 populi
1138 618 1295 697 salutem,

135 727 171 787 11
192 724 318 786 nullum
341 723 372 786 in
398 722 442 786 eis
465 720 718 804 deprehendatur
742 722 889 787 malevoli
912 722 1012 786 animi
1035 723 1224 807 vestigium,
1258 725 1294 788 id

134 829 216 912 quod
240 828 386 911 tyrannis
408 826 571 909 proprium
593 830 659 903 est,
695 826 751 909 qui
779 825 926 890 ferociter
950 831 982 890 et
1004 826 1170 910 imperiose
1194 850 1293 892 man-

134 934 230 1008 dant,
264 954 322 997 nec
344 936 449 996 tamen
474 931 573 994 ullam
595 930 809 1014 probabilem,
845 952 968 1014 aequam
990 934 1047 995 aut
1068 931 1187 995 rationi
1211 954 1292 997 con-

134 1042 316 1101 sentaneam
339 1057 462 1099 causam
486 1035 642 1098 adierunt.
676 1035 823 1100 Habendi
845 1039 921 1099 sunt
942 1036 1041 1120 igitur
1059 1040 1091 1100 et
1105 1036 1292 1103 aestimandi

134 1142 299 1225 pontifices
328 1145 478 1222 tanquam
511 1140 652 1204 seditiosi
684 1140 765 1204 cives
798 1140 883 1204 orbis
907 1138 1100 1218 Christiani,
1134 1143 1292 1223 quoniam

133 1246 209 1322 illa,
244 1267 314 1328 quae
337 1266 422 1308 nunc
444 1267 462 1307 a
485 1244 606 1308 saeculis
630 1244 753 1328 aliquot
775 1244 938 1322 fecerunt,
975 1244 1099 1309 decreta
1122 1248 1292 1331 pertinent

134 1351 263 1414 omnino
286 1350 325 1413 ad
348 1350 488 1432 ipsorum
511 1349 650 1432 privatas
674 1349 922 1428 commoditates,
947 1354 979 1412 et
994 1349 1291 1433 reliquisomnibus

134 1454 298 1517 ordinibus
321 1454 416 1537 plane
439 1458 514 1518 sunt
536 1454 772 1533 intolerabilia,
808 1458 845 1518 ut
874 1458 1000 1518 constat
1030 1476 1095 1518 non
1125 1477 1162 1520 ex
1194 1454 1290 1520 libris

134 1561 270 1634 tantum,
295 1558 348 1622 sed
371 1580 408 1622 ex
431 1559 624 1640 quotidianis
648 1560 787 1643 ipsorum
812 1560 998 1639 actionibus,
1023 1583 1093 1644 quar
1114 1560 1194 1624 tales
1219 1582 1289 1625 om-

25 1737 28 1741 ,
135 1662 212 1726 nino
234 1667 319 1741 sunt,
342 1666 378 1728 ut
401 1665 565 1749 negotium
587 1665 680 1730 hodie
702 1665 861 1730 facessant
882 1665 992 1729 multis
1009 1669 1040 1729 11
1058 1666 1288 1749 praestantibus

137 1767 222 1831 viris.
268 1767 353 1833 Nam
383 1770 582 1853 inaequalitas
617 1771 673 1835 illa
706 1792 824 1856 magna
855 1792 919 1835 non
950 1773 1056 1855 potest
1088 1792 1152 1835 non
1176 1793 1290 1854 parere

140 1873 319 1938 animorum
342 1875 574 1940 alienationem.

226 1979 285 2043 Sed
309 2003 396 2059 ecce,
421 1981 547 2065 quando
570 1981 774 2065 pontificatus
796 1979 949 2045 honorem
972 1980 1170 2062 suscipiunt,
1199 1981 1288 2064 jure-

132 2083 270 2166 jurando
292 2086 492 2157 confirmant,
516 2107 583 2150 sese
605 2087 842 2164 observaturOS,
867 2107 937 2169 quae
959 2107 1017 2170 pro
1040 2086 1199 2170 dignitate
1222 2087 1288 2153 Ro·

135 2211 237 2253 manae
259 2190 340 2254 sedis
364 2192 537 2255 constituta
567 2196 642 2255 sunt
671 2192 900 2274 amajorihus,
935 2192 994 2255 hoc
1016 2194 1080 2255 est:
1105 2191 1289 2255 inconsulto
1360 2209 1362 2212 ·

135 2295 185 2358 111
208 2317 272 2359 non
295 2296 488 2360 assentiente
510 2296 718 2360 cardinalium
741 2301 863 2375 senatu,
887 2296 970 2361 nihil
993 2301 1180 2370 mutaturos.
1218 2295 1290 2360 Hoc

132 2400 370 2483 jusjurandum,
400 2402 428 2464 si
447 2401 514 2483 jam
536 2401 610 2466 inde
632 2424 651 2466 a
674 2402 847 2485 primordio
872 2401 1024 2466 Romanae
1046 2400 1182 2465 ecclesiae
1205 2422 1289 2465 sem-

135 2527 191 2590 per
215 2505 332 2583 extitit,
352 2505 418 2588 jam
442 2511 525 2569 certe
545 2525 662 2584 omnes,
686 2505 740 2588 qui
759 2505 889 2570 fuerunt
904 2528 924 2569 a
939 2505 1026 2569 mille
1042 2505 1288 2589 quadringentis

703 2628 721 2666 1

135 2715 253 2799 trbtzig
281 2716 449 2800 gebieten,
483 2717 548 2780 und
579 2715 658 2781 doch
685 2716 778 2780 keine
809 2715 946 2780 radliche
980 2715 1094 2779 ursach
1123 2714 1288 2799 anzeigen.

136 2820 278 2886 Darumb
301 2825 371 2887 11111
395 2844 466 2886 man
493 2820 572 2885 auch
596 2821 646 2884 die
668 2820 787 2897 Babst,
817 2820 864 2884 als
886 2814 1065 2884 auffrhirrer
1087 2819 1151 2882 und
1174 2819 1289 2883 11111111-

135 2927 216 2992 liche
239 2927 341 3012 glider
364 2927 417 2990 des
434 2925 646 2991 Ohristlichen
665 2924 815 3002 beziroks,
838 2924 947 2988 halten
965 2923 1029 2987 und
1045 2923 1169 3000 achten,
1194 2924 1288 2988 dweil
1388 3004 1390 3009 Β

135 3034 197 3098 1111
220 3035 264 3097 111
287 3034 491 3116 ordnungen,
525 3033 574 3096 die
597 3032 643 3095 sie
666 3053 732 3096 nun
757 3031 874 3095 seither
896 3031 1010 3095 etlicha
1033 3030 1174 3095 hundert
1192 3029 1286 3112 jaren

136 3137 298 3224 gemacht,
322 3137 390 3202 iren
414 3137 594 3200 standand
617 3157 720 3200 wesen
743 3135 937 3214 betreffend,
971 3140 1009 3200 ah
1026 3136 1125 3200 ihrern
1152 3136 1289 3200 vortheil

136 3244 249 3321 allein,
281 3243 345 3305 und
370 3240 907 3320 1111111111111111111111111,
941 3264 1012 3305 zum
1035 3245 1164 3325 grbsten
1187 3241 1289 3304 nach·

135 3347 213 3410 theil
236 3347 301 3409 und
324 3345 534 3410 besohwernis
556 3344 705 3430 gemacht
728 3344 810 3422 sind,
833 3344 898 3408 und
922 3346 1039 3431 trhtzig
1054 3345 1288 3430 auffgerichtet,

136 3475 176 3518 on
201 3453 262 3518 alle
285 3452 463 3538 billigheit,
488 3452 562 3516 Wie
585 3452 669 3516 daun
692 3451 796 3515 solohs
818 3450 914 3530 11111,
950 3451 999 3514 nit
1021 3449 1118 3513 allein
1140 3473 1197 3514 aus
1219 3451 1289 3516 iren

137 3555 312 3637 blicheren,
346 3559 461 3623 sonder
491 3557 572 3622 auch
595 3579 651 3622 aus
674 3558 762 3636 dem,
799 3557 854 3621 das
877 3579 949 3621 man
973 3554 1093 3639 t'dglich
1118 3555 1202 3620 sihet
1223 3556 1288 3620 und

136 3663 262 3742 erfaret,
286 3663 528 3728 unverneinlich
550 3664 601 3742 ist,
625 3662 704 3727 auch
728 3662 784 3726 der
801 3683 934 3739 1111111,
960 3661 1014 3725 das
1032 3662 1092 3724 ieta
1109 3661 1159 3724 die
1174 3666 1289 3746 gantae

135 3770 210 3832 welt
232 3770 265 3832 in
289 3764 405 3832 mhhen
430 3768 495 3832 und
517 3767 659 3839 arbeiten
683 3765 804 3845 stehet,
840 3766 904 3830 und
937 3765 1107 3829 derhalben
1130 3765 1191 3829 mit
1214 3765 1289 3829 inen

135 3877 173 3937 111
196 3873 277 3937 thun
300 3872 363 3938 hat.
412 3873 504 3938 Denn
535 3874 600 3937 dise
631 3893 739 3958 grosse
761 3871 957 3956 ungleicheit
990 3871 1052 3934 han
1083 3870 1196 3934 anders
1228 3869 1288 3947 nit,

136 3977 220 4041 dann
243 3978 395 4042 unwillen
419 3979 483 4043 und
506 3978 634 4042 verclros
657 3976 803 4061 geberen.

135 4082 240 4146 Wenn
265 4083 310 4146 111
333 4105 375 4146 nu
391 4106 461 4148 zum
478 4082 655 4148 Babstumb
678 4082 803 4157 hornen,
827 4076 952 4144 mhssen
977 4081 1022 4144 sie
1044 4082 1204 4145 schweren
1227 4079 1291 4142 irer

135 4187 281 4252 vorlaren
304 4187 458 4252 Decreten
481 4187 672 4264 1111111111,
708 4187 762 4249 das
787 4186 846 4263 ist,
882 4185 943 4249 ohn
970 4186 1041 4269 [49]
1064 4185 1290 4268 verwilligung

136 4293 189 4355 des
213 4291 408 4371 Consistori,
443 4294 492 4357 nit
525 4292 661 4358 dawider
690 4295 728 4381 111
751 4290 842 4356 thou.
890 4289 939 4354 Ist
969 4312 1012 4353 nu
1040 4290 1123 4354 diser
1145 4287 1204 4352 Eid
1228 4289 1290 4353 alle

134 4396 212 4474 zeit,
235 4397 290 4461 das
314 4398 371 4476 ist,
408 4419 469 4462 von
491 4397 612 4481 anfang
635 4397 689 4461 der
714 4396 904 4461 [ttmischen
926 4394 1101 4460 Bischbven
1133 4415 1288 4480 genesen,
