2858 5054
736 360 799 423 120

194 535 298 612 turba,
323 534 375 598 sed
398 536 431 597 et
452 531 542 609 illud,
564 535 601 595 ut
624 531 832 596 excludantur
854 555 871 595 e
893 532 1009 597 scholis
1025 532 1150 598 Erasini
1166 532 1345 618 Colloquia,

194 661 296 722 neque
318 636 478 702 inventuti
500 636 704 720 permittatur
728 658 835 700 eorum
858 637 960 701 lectio.
1009 638 1090 715 Quid
1121 660 1210 717 rem,
1236 660 1346 702 nonne

193 743 381 826 praeclarum
405 741 489 805 istud
511 745 559 805 est
582 741 842 824 auspicatumque
864 743 1080 826 prooemium?

278 848 320 912 Et
344 846 410 911 haec
432 847 558 929 quidem
580 850 646 909 tam
669 867 734 909 non
756 847 845 929 parri
876 847 1046 924 momenti,
1082 868 1154 937 vos,
1188 851 1219 911 et
1242 869 1343 926 senes,

192 958 224 1018 et
247 953 330 1018 docti
353 952 507 1028 homineS,
532 974 550 1014 a
572 972 695 1015 summo
719 952 867 1036 pontifice
890 952 1019 1030 delecti,
1046 953 1273 1032 constituistiS,
1309 956 1343 1017 et

193 1057 402 1123 constituistis
424 1060 628 1138 posteaquam
651 1055 705 1119 ille
727 1077 782 1120 vos
801 1057 1006 1140 jurejurando
1029 1056 1278 1136 constrinxerat,
1304 1079 1344 1122 ne

193 1163 268 1247 quid
302 1161 430 1225 omnino
465 1159 706 1223 dissimularetis
739 1180 847 1223 eorum
882 1161 1041 1241 omnium,
1080 1182 1150 1244 quae
1182 1161 1290 1239 vobis,
1324 1184 1345 1226 a

191 1267 293 1331 multa
315 1269 347 1329 et
369 1262 460 1348 gravi
483 1262 724 1339 consultatione,
751 1263 931 1327 viderentur
953 1286 1020 1328 esse
1042 1265 1217 1329 necessario
1233 1286 1340 1329 emen-

192 1370 304 1434 danda.
358 1367 436 1431 Post
468 1366 551 1430 hanc
584 1370 721 1431 vestram
756 1368 832 1432 adeo
866 1369 1037 1434 salutarem
1067 1373 1100 1434 et
1129 1370 1281 1434 doctrinae
1311 1373 1343 1434 et

193 1473 366 1556 disciplinae
381 1472 598 1537 ecclesiasticae
614 1475 645 1534 et
660 1493 784 1535 morum
801 1474 1036 1551 correctionem,
1059 1473 1151 1538 factae
1167 1477 1243 1537 sunt
1258 1474 1343 1537 inter

193 1580 346 1646 Gaesarem
370 1581 402 1641 et
425 1576 537 1640 Galliae
560 1597 676 1660 regem,
700 1577 783 1660 apud
806 1576 956 1655 Nicaeam,
982 1579 1087 1642 decem
1110 1600 1266 1642 annorum
1290 1579 1340 1642 in-

193 1684 298 1762 dutiae,
323 1705 384 1767 quo
407 1686 558 1765 tempore,
582 1702 653 1745 cum
676 1681 872 1760 crederetur,
902 1682 982 1746 illud
1005 1706 1023 1746 a
1045 1682 1135 1746 vobis
1158 1683 1342 1748 inchoatum

194 1789 362 1854 concilium
395 1809 486 1870 posse
527 1786 634 1868 perfici
668 1790 797 1870 propter
827 1788 1116 1852 reconciliationem
1148 1788 1340 1873 principum,

193 1916 262 1959 ecce
285 1914 437 1978 magnum
460 1896 491 1955 et
514 1891 710 1975 insperatum
734 1892 906 1956 silentium.
952 1892 1101 1956 Pontifex
1132 1893 1233 1971 enim,
1269 1897 1341 1957 tan·
1425 1906 1427 1912 ⁴

192 2022 287 2085 quam
310 1999 396 2084 pacis
420 2002 451 2062 et
466 1997 661 2061 indutiarum
678 2000 796 2074 auctor,
821 1997 955 2062 Romam
971 1997 1173 2081 triumphans
1188 1998 1341 2077 invectus,

192 2104 351 2170 continuit
373 2124 415 2178 se,
439 2124 557 2185 perque
579 2106 683 2165 totum
708 2103 966 2185 quadriennium,
999 2103 1033 2165 in
1057 2103 1213 2166 altissima
1236 2103 1341 2186 quiete

192 2215 224 2274 et
247 2211 332 2286 otio,
367 2209 404 2272 de
427 2206 559 2271 concilio
590 2228 631 2270 ne
653 2206 784 2270 verbum
815 2208 942 2290 quidem
971 2229 1070 2271 unum
1105 2207 1250 2292 publice,
1287 2208 1340 2271 sed

173 2336 299 2386 ,recens
332 2317 406 2377 ante
425 2311 619 2388 tiennium,
635 2316 748 2374 'eunte
779 2311 877 2395 [liiij]
910 2312 1177 2396 magnis'viribus
1200 2313 1234 2376 in
1257 2312 1339 2376 Tur-

193 2441 261 2484 cam
285 2416 472 2493 Germania,
504 2419 661 2480 crescente
689 2415 757 2498 jam
779 2420 810 2479 et
836 2439 900 2481 non
927 2418 1028 2481 multo
1055 2421 1129 2500 post
1158 2421 1343 2500 erumpente

192 2547 273 2589 novo
296 2524 379 2588 bello
402 2523 486 2586 inter
508 2520 660 2586 Gaesarem
685 2520 858 2605 Galliaeque
880 2544 1005 2608 regem,
1041 2525 1143 2588 denuo
1173 2522 1342 2588 concilium

757 2661 775 2701 ἡ(

194 2770 266 2854 [70]
291 2772 419 2855 excepte'
434 2792 494 2854 que
509 2770 625 2833 devant
640 2769 720 2832 deux
736 2791 794 2832 ans
810 2770 1040 2834 dernierement
1054 2791 1172 2852 passer,
1197 2768 1343 2833 dereohef

192 2875 217 2939 il
240 2875 367 2960 assigna
381 2875 412 2939 le
427 2874 554 2939 Concile
570 2877 589 2938 a
603 2873 732 2950 Trente,
755 2895 795 2936 au
818 2876 920 2956 temps
943 2895 1003 2956 que
1025 2873 1225 2960 l'Alemagne
1247 2874 1339 2939 alloit

193 3001 343 3062 avecques
366 2980 502 3065 grandes
524 2979 625 3043 forces
648 2981 666 3041 a
688 2978 861 3042 l'eneontre
876 2978 919 3042 du
935 2978 1033 3043 Ture:
1057 2983 1089 3043 et
1105 3001 1166 3062 que
1180 2979 1212 3044 la
1227 3001 1340 3064 guerre

192 3084 413 3149 s'enflammoit
434 3085 472 3148 de
494 3104 637 3147 nouveau
659 3086 748 3146 entre
766 3080 963 3165 l'Empereur
978 3086 1009 3146 et
1025 3084 1055 3148 le
1070 3084 1140 3170 Roy
1156 3085 1193 3149 de
1208 3083 1337 3149 Franco.

757 3220 776 3260 ‘t‘

195 3327 290 3409 [188]
313 3325 393 3390 Pero
416 3346 512 3410 agora
534 3325 572 3388 de
594 3347 696 3390 nuovo
712 3348 787 3390 arra
801 3347 879 3409 poco
891 3349 959 3392 mas
975 3328 1012 3391 de
1029 3328 1083 3392 dos
1099 3335 1185 3407 afros,
1210 3329 1341 3393 estando

191 3432 267 3496 toda
288 3430 456 3496 Alemania
477 3453 516 3495 en
540 3452 643 3496 armas
667 3435 778 3496 contra
800 3431 828 3494 el
851 3431 964 3510 Turco,
988 3432 1150 3496 creciendo
1174 3456 1233 3518 ya,
1257 3456 1279 3517 y
1299 3455 1341 3498 no

191 3537 305 3602 mucho
328 3536 459 3620 despues
481 3535 716 3620 rompiendosse
739 3559 840 3601 nueva
863 3558 978 3621 guerra
1000 3545 1088 3602 entre
1104 3537 1133 3602 el
1149 3537 1342 3621 Emperador

191 3645 266 3727 yel
288 3666 343 3729 re)⁷
367 3643 404 3707 de
425 3642 577 3719 Francia,
611 3643 651 3706 he
674 3664 708 3707 os
731 3644 762 3706 lo
785 3643 858 3724 aqui
888 3643 989 3706 donde
1020 3664 1156 3707 convoca
1187 3645 1257 3706 otra
1288 3663 1342 3705 vez

758 3780 776 3820 ἡ(

192 3908 274 3972 mag.
321 3885 427 3950 Wenn
451 3885 502 3949 ihr
525 3884 622 3949 allein
652 3885 707 3949 das
737 3885 864 3951 wdrtlin
888 3885 1107 3950 Reformation
1139 3887 1275 3964 htrent,
1307 3908 1342 3950 so

191 3986 383 4074 dherkompt
405 3989 456 4053 ihr
479 3989 646 4074 gewisslich
669 3989 721 4052 ein
744 3989 849 4068 feber,
873 4011 905 4053 es
928 3990 1024 4075 gehet
1046 3989 1124 4054 euch
1147 3991 1196 4054 nit
1220 3990 1279 4054 wol
1302 3994 1341 4054 nd

192 4096 306 4173 ohren,
331 4095 395 4159 und
417 4095 592 4179 gedenclret
615 4093 796 4172 onzweifel,
828 4093 895 4158 Hat
918 4117 992 4158 man
1014 4117 1071 4159 vor
1092 4095 1232 4159 hundert
1250 4095 1341 4178 jaren

191 4200 252 4283 bey
273 4199 383 4263 Keiser
405 4198 582 4284 Sigmund,
614 4222 674 4264 uns
708 4200 821 4264 wtlleu
851 4200 1050 4265 Reformiren
1082 4200 1148 4265 und
1179 4200 1340 4277 meistern,

192 4324 255 4366 was
278 4303 376 4367 sollen
400 4303 458 4368 wir
480 4309 551 4388 yetz
573 4303 634 4368 wol
656 4298 784 4368 missen
806 4306 988 4369 erwarten?
1033 4303 1075 4369 Es
1098 4305 1140 4368 ist
1162 4304 1284 4383 besser,
1309 4325 1341 4369 es

192 4406 277 4471 bleib
299 4408 375 4487 also,
397 4409 457 4474 wie
478 4408 533 4475 biss
556 4407 699 4493 anher.†
