2858 5054
137 1828 222 1911 [Aij]
451 1825 671 1898 JOANNES
702 1826 972 1900 SLEIDANUS

605 2016 716 2081 lectori
739 2039 763 2080 s.
790 2016 818 2080 d.

226 2223 358 2306 Seriptae
379 2227 455 2287 sunt
477 2245 496 2287 a
518 2245 568 2287 me
590 2224 702 2308 lingua
718 2223 905 2290 Germanica
928 2226 1087 2290 orationes
1114 2225 1192 2304 duae,
1217 2247 1287 2309 quae

139 2330 328 2415 prodierunt
351 2329 409 2392 snb
432 2329 561 2392 nornine
585 2327 739 2411 Baptistae
761 2329 914 2407 baadeni,
948 2334 980 2393 et
1010 2329 1197 2413 prodierunt
1229 2330 1288 2393 sub

138 2434 347 2509 eonomine,
382 2456 446 2497 non
470 2438 535 2498 tam
560 2456 629 2497 mea
651 2434 787 2517 quadam
808 2438 939 2518 sponte,
979 2457 1073 2519 quam
1105 2435 1150 2498 sie
1178 2436 1287 2498 volen-

138 2540 226 2605 tibus
264 2541 391 2616 amieis,
431 2540 485 2622 qui
519 2540 678 2623 putabant
710 2540 787 2604 meis
822 2540 999 2604 rationibus
1034 2540 1079 2603 ita
1111 2539 1288 2615 convenire,

139 2644 291 2728 quamdiu
322 2665 386 2707 non
409 2664 508 2707 essem
532 2645 566 2707 in
591 2643 779 2723 Germania,
815 2646 917 2728 iisque
948 2644 1024 2708 locis
1047 2643 1216 2722 haererem,
1251 2644 1286 2706 in

140 2749 255 2834 quibus
287 2752 509 2833 argumentum
531 2748 591 2813 hoc
614 2753 720 2813 minus
748 2753 874 2833 gratum
908 2753 956 2813 est
991 2752 1085 2831 atque
1109 2747 1287 2832 plausibile.

140 2853 302 2930 Quantum
324 2854 408 2918 enim
431 2854 472 2919 ad
494 2876 544 2918 me
567 2854 724 2937 pertinet,
748 2853 909 2918 liberalius
932 2857 963 2917 et
986 2852 1088 2936 magis
1113 2852 1289 2935 ingenuum

139 2979 263 3042 semper
285 2980 352 3022 esse
367 2958 487 3041 putavi,
511 2979 574 3021 non
592 2958 790 3022 dissimulare
809 2959 858 3021 vel
874 2961 979 3040 tegere
995 2978 1110 3020 nomen
1135 2956 1169 3018 in
1193 2955 1287 3032 libro,

139 3085 234 3146 quem
257 3063 306 3126 edi
329 3063 400 3147 quis
422 3063 508 3140 velit,
534 3085 572 3127 ne
595 3064 670 3147 quid
695 3064 747 3147 agi
765 3064 908 3127 videatur
929 3062 1043 3126 callide
1065 3062 1169 3146 magis
1193 3082 1290 3143 quam

140 3190 231 3247 vere,
254 3169 380 3232 tametsi
403 3167 471 3231 fieri
495 3189 586 3252 posse
610 3190 673 3231 non
696 3168 856 3252 negarim,
883 3171 920 3231 ut
942 3168 985 3231 sit
1009 3168 1095 3231 loeus
1120 3166 1290 3248 aliquando

141 3272 395 3338 dissimulationi.

668 3412 671 3417 ¹
706 3420 724 3458 ss

141 3550 383 3636 [Nachwort
398 3573 443 3614 zu
459 3551 525 3615 der
542 3549 717 3614 Oration
733 3574 781 3615 an
798 3548 1289 3632 KeiserlieheMajestat]

619 3654 698 3718 Zum
719 3655 810 3718 laser.

229 3812 303 3879 Dise
324 3812 456 3878 Oration
481 3813 523 3876 ist
547 3810 745 3898 gesehribem
769 3810 920 3874 naehdem
937 3808 1130 3873 Keiserliehe
1143 3808 1292 3893 Majestat

142 3922 178 3985 in
190 3919 300 3984 Africa
322 3941 392 3982 zum
414 3919 528 3983 letsten
553 3939 705 4002 genesen,
726 3917 790 3979 und
813 3916 890 3979 eben
914 3914 990 3978 umb
1014 3914 1063 3976 die
1086 3914 1147 3976 zeit
1169 3914 1215 3977 als
1237 3914 1292 3979 das

142 4025 243 4090 Reieh
264 4023 298 4087 in
315 4022 488 4108 Hungeren
511 4022 661 4098 sehicket‚
684 4021 758 4085 Pest
781 4020 846 4083 und
865 4018 946 4083 Ofen
970 4022 1007 4083 ml
1030 4018 1209 4101 gaiainnan,
1233 4020 1292 4083 wie

142 4153 217 4194 man
251 4130 296 4192 im
327 4129 412 4193 lesen
446 4128 507 4192 wol
537 4127 683 4190 mereken
714 4125 787 4188 kan.
834 4124 900 4188 letz
929 4124 1022 4201 aber,
1056 4125 1101 4187 als
1126 4122 1164 4185 Κ.
1189 4123 1232 4186 Μ.
1257 4124 1291 4186 in

142 4229 359 4300 Defitsehland
381 4235 515 4312 komen,
550 4232 594 4295 ist
626 4230 670 4294 sie
701 4230 779 4293 aller
801 4233 866 4293 erst
889 4229 1072 4314 pertractet,
1107 4229 1172 4292 und
1196 4228 1292 4291 allein

144 4361 196 4403 arn
217 4338 296 4402 ende
318 4337 372 4402 der
396 4336 614 4401 beschlusrede
638 4336 711 4400 oder
735 4333 943 4412 Conclusi0n‚
975 4332 1019 4397 ist
1040 4337 1136 4397 etwas
1159 4332 1293 4396 newlich

145 4444 242 4511 darell
262 4443 383 4529 gethan
405 4443 542 4511 worden.

1040 4540 1083 4594 1*
