2858 5054
681 343 740 406 122

135 511 258 578 interea
279 535 403 600 magnae
425 516 508 580 finnt
530 515 721 580 accessiones
743 515 781 579 ad
805 515 884 593 illos,
909 520 941 579 et
960 517 965 598 1
985 538 1059 595 voa,
1086 522 1123 582 ut
1144 522 1193 583 est
1214 540 1284 584 cre-

16 681 20 688 ,
134 618 240 695 dibile,
264 620 405 683 nondum
428 620 503 684 estis
527 620 565 684 ad
588 619 754 683 concilium
779 619 937 683 instructi.

222 722 253 788 Si
278 725 395 787 nostris
418 724 452 787 in
475 724 592 788 finibus
614 728 704 799 esset,
729 728 877 807 utsupra
893 724 1038 804 diximus,
1062 726 1285 792 cardinalicins

134 829 189 892 ille
209 833 352 907 senatus,
384 833 416 893 et
445 829 480 892 in
507 828 723 912 impurissima
746 829 812 893 vita
835 828 896 892 sibi
918 831 1043 893 tantam
1066 836 1205 896 sumeret
1226 855 1285 917 po-

134 937 291 1011 testatem,
316 934 489 998 rectissime
512 936 658 1017 possent,
682 937 718 996 nt
739 931 820 996 mihi
842 933 969 1016 quidem
991 934 1125 1013 videtur,
1150 937 1188 1000 ad
1212 959 1285 1002 eum

134 1039 280 1117 modum,
313 1040 395 1103 sient
423 1024 642 1122 &posuimnsn
678 1037 884 1121 interpellari.
938 1037 1016 1102 Duae
1049 1045 1125 1105 sunt
1154 1042 1285 1106 omnino

134 1164 244 1220 oansae,
268 1164 323 1206 cur
347 1143 510 1208 adversum
534 1146 687 1225 tyrannos
711 1141 908 1205 concitentur
931 1142 1089 1223 homines,
1120 1146 1229 1210 odium
1252 1150 1285 1210 et

136 1251 346 1331 contemptus.
397 1246 480 1311 Nam
503 1268 609 1310 amare
632 1267 724 1308 nemo
748 1248 852 1328 potest
875 1246 947 1310 illos
970 1252 1100 1332 propter
1122 1251 1282 1316 vafritiem

136 1356 169 1417 et
191 1353 419 1416 crudelitatem.
466 1349 500 1416 si
522 1355 674 1433 praetcrea
696 1349 762 1413 sint
791 1351 1002 1434 voluptuarii,
1032 1358 1281 1421 contemnuntur

136 1457 242 1534 etiam,
266 1456 349 1539 quod
371 1454 593 1539 Sardanapalo,
618 1456 701 1538 quod
724 1456 816 1519 alteri
840 1455 993 1541 Dionysio
1017 1458 1189 1544 multisque
1213 1463 1283 1527 aliis

135 1563 281 1647 contigit.
312 1560 352 1624 ln
367 1561 427 1625 hoc
449 1565 689 1639 autemscnatn
712 1565 903 1625 concurrunt
919 1563 1020 1626 ambae
1035 1585 1145 1629 causae.
1177 1565 1283 1650 Rapa-

136 1665 264 1730 citatem
294 1668 435 1752 ipsorum
468 1667 540 1751 plns
570 1688 664 1748 quam
687 1664 858 1730 Verrinam
890 1669 1014 1750 experti
1037 1691 1155 1734 sumus.
1201 1672 1283 1736 Mol-

135 1769 238 1835 litiem
261 1777 367 1837 autem
389 1777 421 1838 et
442 1773 637 1854 voluptateS,
668 1776 700 1835 et
730 1793 766 1836 ea
795 1793 865 1854 quae
893 1773 962 1837 sine
985 1774 1104 1856 pudore
1126 1777 1284 1840 nominari

135 1897 198 1941 non
222 1882 371 1961 possunt,
406 1901 446 1942 an
471 1877 585 1960 aliquis
618 1876 767 1960 ignorat?
812 1875 852 1939 Et
884 1900 1063 1960 quanquam
1096 1879 1162 1943 haec
1184 1880 1230 1944 ita
1252 1903 1285 1944 se

133 1980 262 2060 habent,
285 1986 401 2060 tamen,
426 1983 500 2065 qnia
521 1985 596 2046 sunt
619 1981 783 2066 aliquanto
806 1983 1005 2060 remotiores,
1040 2007 1097 2048 nec
1127 1986 1159 2048 in
1186 1987 1284 2050 oculis

701 2103 718 2142 s

134 2192 196 2256 neit
217 2192 342 2256 werden
364 2193 409 2256 sie
432 2193 568 2256 imerdar
589 2195 751 2268 adiremen,
776 2193 868 2256 dwcil
891 2192 919 2255 ir
943 2197 1014 2257 zimr
1039 2193 1179 2259 Concilio
1203 2196 1283 2260 noch

135 2297 184 2361 nit
207 2297 305 2381 fertig
329 2296 428 2374 scind,
452 2297 511 2362 wic
536 2296 707 2380 glenblich.

223 2402 293 2485 [77]
318 2401 422 2465 Wenn
445 2401 489 2465 sie
511 2402 563 2466 bei
586 2424 646 2465 uns
662 2406 778 2479 waren,
801 2423 859 2487 sag
882 2401 944 2479 ioh,
969 2404 1194 2488 gegenwertig,
1218 2406 1300 2468 und-

126 2505 184 2570 'ein
208 2506 296 2570 solch
319 2507 410 2571 leben
433 2501 568 2584 ffireten,
591 2506 650 2570 wie
673 2507 717 2570 aie
740 2507 824 2571 dann
848 2507 940 2585 thum
964 2505 1022 2569 hat
1044 2529 1118 2571 man
1137 2509 1195 2591 ja¹
1218 2511 1285 2574 anff

133 2609 200 2673 dise
222 2611 301 2676 weill
324 2611 384 2675 mit
398 2612 474 2676 inen
489 2616 528 2677 ab
543 2611 752 2688 convorsiren,
770 2610 842 2675 wo2
858 2612 903 2675 sia
919 2612 993 2674 inan
1010 2612 1136 2677 solchen
1152 2636 1283 2698 grossen

133 2716 250 2800 gewalt
272 2718 400 2782 wflrden
423 2739 598 2795 anmasson,
626 2715 699 2801 ³ytz
723 2718 807 2795 aber,
832 2739 867 2781 so
890 2718 935 2780 sie
958 2708 1197 2790 erwaswetcers
1220 2740 1282 2782 von

133 2841 193 2884 uns
216 2821 323 2899 seind,
346 2822 424 2888 wciss
459 2823 508 2886 nit
531 2845 593 2887 was
616 2845 689 2886 man
712 2845 768 2887 vor
791 2823 1002 2908 imagination
1025 2821 1130 2886 hatt³.
1177 2824 1283 2889 chn

133 2927 178 2990 sie
201 2926 234 2989 in
256 2926 390 3006 Indien,
424 2927 490 2991 und
511 2928 546 2990 in
570 2927 708 2991 Priester
729 2926 850 2991 dohans
876 2927 950 2990 land
973 2926 1041 2989 iren
1065 2926 1137 2992 Scnl
1159 2928 1282 3006 hatten,

134 3053 168 3095 so
191 3032 278 3094 wtird
301 3054 375 3095 man
398 3054 542 3116 meynen,
568 3054 600 3096 cs
622 3037 706 3096 ware
729 3032 811 3096 noch
824 3036 950 3115 grbsser
965 3031 1197 3117 heyligthumb.
1232 3033 1284 3099 sie

133 3136 253 3200 habens
276 3137 349 3201 ube}
372 3136 539 3213 versehen,
563 3136 618 3200 das
642 3136 687 3198 sie
709 3135 776 3199 sich
800 3157 833 3198 so
857 3135 939 3199 nahe
961 3135 1013 3199 bei
1037 3158 1096 3218 uns
1120 3136 1282 3200 Barbaren

134 3241 239 3306 haben
261 3243 352 3305 nider
374 3242 573 3327 geschlagen,
596 3241 654 3303 wir
676 3241 765 3304 seind
789 3261 848 3323 eyn
873 3239 979 3323 wenig
1001 3239 1117 3317 rauhe,
1148 3242 1212 3304 und
1235 3259 1283 3304 wo

134 3347 192 3410 wir
215 3347 371 3424 mercken,
395 3347 449 3410 das
472 3368 504 3409 es
527 3345 576 3408 nit
599 3345 688 3408 recht
710 3343 854 3430 adgehet,
879 3343 965 3407 falen
988 3345 1046 3407 wir
1069 3346 1127 3422 nit,
1154 3345 1283 3408 wiirdcn

134 3451 214 3516 anch
237 3450 378 3516 villeicht
399 3472 433 3514 so
457 3451 547 3534 lang,
578 3449 643 3514 und
677 3449 833 3514 billanher
866 3450 916 3513 nit
938 3437 1057 3534 galalet
1080 3450 1202 3528 haben,
1234 3471 1283 3513 wo

134 3559 289 3642 gemelle,
323 3557 377 3621 des
399 3556 627 3639 Nebenhaupts
650 3577 761 3620 unsers
784 3554 905 3631 feindS,
944 3554 1108 3638 vereydete
1139 3556 1204 3619 und
1227 3577 1284 3640 ge·

134 3661 245 3746 dingte
267 3662 512 3738 lolmschraiber,
536 3661 597 3725 mit
620 3660 747 3725 solchen
765 3659 857 3723 ihren
879 3659 1016 3744 giltigen
1043 3661 1195 3744 predigen
1218 3661 1284 3723 und
1344 3732 1352 3746 .

133 3767 304 3845 schriften,
328 3769 424 3833 wider
448 3769 498 3832 ihr
522 3788 622 3852 eygen
645 3767 816 3850 gewissen,
840 3764 964 3828 Herren
988 3764 1053 3827 und
1077 3764 1211 3829 Ffirston
1236 3765 1286 3829 nit

132 3868 321 3938 verffircten.
352 3873 394 3937 Es
410 3876 486 3938 mdss
511 3873 637 3937 incilich
659 3893 717 3956 gar
740 3871 813 3934 nbel
836 3869 913 3933 nmb
935 3892 995 3933 nna
1018 3871 1139 3948 stehen,
1163 3871 1285 3935 diewcil

131 3999 217 4055 man,
241 3978 276 4041 in
299 4000 333 4042 so
355 3979 397 4042 vil
417 3980 526 4062 jaren,
554 3977 636 4042 nach
659 3998 693 4040 so
716 3975 799 4039 vilan
824 3974 1053 4059 Reichlltagen,
1078 3975 1142 4038 und
1165 3976 1284 4039 andern

132 4082 329 4159 beikunfton,
353 4082 403 4146 nit
427 4081 517 4146 mehr
532 4080 674 4144 erhalten
690 4078 756 4142 und
771 4077 959 4162 andgericht
974 4078 1053 4142 hatt.
1085 4079 1158 4143 Und
1177 4095 1284 4140 wenns

204 4239 216 4288 1
238 4235 336 4305 (druck
358 4239 379 4291 1.
400 4238 424 4290 2.
444 4237 472 4306 3)
491 4235 534 4290 nit
552 4236 625 4290 statt
643 4233 683 4303 ja.
700 4180 714 4208 l
774 4235 789 4285 2
808 4248 890 4287 wenn
908 4234 982 4288 statt
1000 4251 1050 4305 wo.
1139 4234 1155 4286 3
1176 4234 1249 4287 statt
1268 4236 1284 4289 3

132 4321 176 4376 bis
194 4324 226 4376 3:
263 4325 430 4379 anmassen?
466 4324 513 4379 Ich
532 4323 610 4378 weiss
637 4321 705 4377 aber
731 4319 789 4384 nit,
819 4338 876 4374 was
903 4339 971 4376 man
1005 4321 1050 4374 fiir
1078 4318 1199 4373 fantasei
1225 4320 1283 4375 und

132 4409 327 4481 imaginatiom
346 4412 476 4482 yetznnd,
495 4429 525 4468 so
542 4411 582 4466 sie
599 4412 687 4466 etwas
704 4407 814 4464 waiterr
833 4426 889 4464 von
907 4426 959 4463 uns
974 4409 1059 4474 seind,
1077 4425 1133 4464 von
1144 4406 1211 4463 incn
1224 4409 1284 4464 hat.
