2858 5054
615 425 618 431 .
719 350 780 411 rar

165 520 233 602 jam
257 526 340 586 esset
370 521 565 606 amplificata
596 542 709 595 causa,
745 523 935 584 conventum
960 521 1115 596 ¹indixisti
1145 523 1319 606 publicum.

167 627 206 691 In
230 650 309 710 quo,
341 627 416 691 licet
440 628 478 690 ad
502 627 568 689 vim
590 629 770 709 spectarent
793 625 840 687 illi
864 626 946 708 ipsi,
981 625 1037 709 qui
1061 628 1093 689 te
1115 616 1227 691 Galliae
1249 629 1320 713 regi

167 754 268 815 nuper
291 732 496 814 conjunctum
519 729 600 793 nihil
624 751 688 793 non
711 749 801 811 posse
824 728 973 810 perficere
1002 730 1175 812 putabant,
1210 736 1245 795 tu
1267 737 1317 796 ta-

166 859 237 900 men
262 835 417 920 singulari
441 857 515 899 usus
538 835 738 899 humanitate
760 834 1000 917 prudentiaque,
1026 857 1091 899 rem
1110 839 1317 918 permittebas

165 942 197 1004 in
222 941 285 1005 alio
308 940 436 1004 comitio
468 939 701 1021 disceptandam
735 938 818 1001 inter
848 939 1014 1022 utriusque
1042 940 1144 1023 partis
1173 941 1317 1006 homines

168 1046 284 1109 doctos.
332 1043 410 1121 Qui,
446 1063 617 1128 paucorum
641 1043 760 1105 dierum
784 1041 1048 1106 collocutionibus
1070 1043 1209 1121 habitis,
1244 1049 1317 1109 tan-

167 1172 262 1233 quam
286 1149 446 1233 praeludiis
470 1147 657 1230 quibusdam
689 1152 720 1209 et
745 1145 997 1223 velitationibus,
1029 1147 1237 1213 Ratisbonam
1261 1149 1317 1213 abs

164 1260 197 1320 16
219 1254 264 1338 [N
274 1254 312 1337 ij]
337 1257 412 1318 sunt
434 1253 564 1317 evocati.
611 1252 681 1328 Quo
704 1255 830 1315 caniet
853 1251 909 1315 alii
932 1251 1092 1336 principes
1114 1274 1233 1338 magno
1255 1275 1317 1316 nu-

167 1381 253 1422 mero
275 1358 446 1435 venissent,
469 1361 514 1435 16,
538 1378 645 1420 veram
668 1360 763 1438 atque
778 1355 957 1440 legitimam
972 1357 1129 1421 rationem
1146 1358 1317 1441 ingressus,

166 1463 253 1528 aliud
276 1461 466 1526 instituebas
489 1459 624 1542 amplius
648 1458 859 1541 colloquium,
894 1459 928 1523 in
960 1481 1023 1542 quo
1046 1461 1122 1544 quid
1145 1467 1251 1526 actum
1275 1462 1319 1526 ait

166 1571 199 1633 et
222 1565 494 1649 quemadmodum,
519 1563 601 1627 nihil
624 1562 741 1626 attinet
763 1567 913 1645 repetere.

253 1670 328 1745 Qua
351 1692 422 1734 cum
445 1671 491 1734 ita
513 1669 596 1744 sint,
633 1668 707 1750 quid
739 1667 825 1731 aliud
844 1668 980 1750 judicari
1002 1670 1115 1748 debet,
1149 1692 1244 1753 quam
1268 1693 1317 1735 re·

166 1777 316 1862 pressisse
326 1774 429 1839 Deum
444 1778 476 1838 et
491 1773 668 1840 cohibuisse
683 1773 815 1838 consilia
836 1779 901 1853 tua,
925 1776 979 1839 sed
1002 1781 1034 1840 et
1056 1776 1103 1840 ita
1124 1777 1318 1860 gubernasse

738 1893 755 1933 a

166 1986 312 2051 combien
335 1987 417 2049 ceste
440 2004 530 2046 cause
553 1982 648 2047 estoit
672 1983 844 2065 amplifice,
881 1987 916 2047 tu
941 1984 1084 2068 assignas
1108 2007 1169 2050 une
1187 1986 1318 2068 journce

167 2091 345 2178 Imperiale.
370 2112 408 2152 en
431 2086 566 2168 laquelle
588 2086 731 2151 combien
756 2109 817 2169 que
839 2108 916 2150 ceux
938 2110 1071 2152 mesmes
1090 2092 1144 2172 qui
1161 2113 1202 2154 66
1216 2091 1316 2154 t'esti·

166 2199 297 2280 moyent
318 2195 386 2258 rien
409 2192 593 2274 impossible
616 2214 695 2275 pour
719 2192 874 2256 l’alliance
897 2215 970 2257 avec
993 2194 1022 2257 le
1037 2194 1108 2279 Roy
1130 2196 1169 2259 de
1184 2196 1314 2272 Franco,

166 2301 375 2365 fretillassent
409 2299 446 2361 de
476 2298 579 2382 grand
609 2298 691 2360 desir
724 2298 761 2361 de
791 2298 883 2381 jouer
914 2299 967 2362 des
1000 2303 1187 2378 cousteaux,
1222 2303 1318 2364 usant

167 2404 333 2469 toutest'ois
363 2402 559 2466 d'humanite
588 2405 620 2466 et
651 2402 808 2486 prudente
840 2403 1030 2485 singuliere,
1065 2407 1100 2467 tu
1135 2404 1256 2467 ronlois
1286 2403 1317 2467 la

167 2511 259 2574 chose
283 2513 365 2573 estre
388 2508 521 2572 debatue
543 2511 632 2571 entre
655 2527 732 2591 gens
754 2507 859 2571 doctas
882 2509 975 2571 d'une
997 2510 1070 2591 part
1092 2512 1124 2570 61
1140 2508 1262 2572 d'autrc
1277 2530 1315 2571 en

166 2614 279 2678 l’autre
298 2614 437 2696 journe'e.
1129 2600 1138 2619 ’

734 2734 752 2775 s

167 2847 226 2890 con
249 2824 278 2888 el
301 2845 356 2908 rey
377 2823 415 2887 de
431 2823 574 2900 Francia,
598 2823 669 2886 avia
691 2823 832 2887 tambien
855 2823 893 2887 de
915 2846 964 2888 ser
986 2823 1096 2887 aellos
1113 2822 1189 2887 util:
1211 2847 1232 2907 y
1256 2845 1316 2907 que

165 2953 206 3014 ya
229 2929 291 2993 casi
314 2929 458 2992 saltavan
481 2929 564 2991 alas
587 2927 781 2992 barrasson
805 2927 962 2991 ferocidad
986 2951 1004 2991 a
1026 2951 1078 2992 sus
1101 2928 1313 2994 adversarios:

166 3033 376 3098 acordandose
398 3035 525 3095 vuestra
547 3031 712 3115 Magastad
745 3032 783 3095 de
814 3054 851 3095 su
886 3032 1015 3115 palabra
1037 3056 1059 3116 y
1081 3054 1261 3114 promessa,
1295 3056 1316 3118 y

166 3160 224 3221 por
246 3140 379 3201 ventura
402 3136 546 3199 mirando
568 3142 687 3217 quanto
721 3158 754 3199 se
784 3135 854 3200 avia
877 3137 1074 3220 amplificado
1096 3160 1137 3222 ya
1160 3139 1192 3201 16
1213 3159 1316 3215 66666,

166 3242 238 3305 hizo
261 3262 414 3305 convocar
436 3262 499 3304 una
521 3239 649 3323 publica
671 3239 780 3304 Dicta:
811 3263 850 3304 en
882 3241 914 3304 16
936 3242 1028 3325 qual,
1060 3264 1185 3325 aunque
1207 3242 1316 3305 tenian

166 3348 291 3410 intento
314 3346 352 3408 de
376 3344 463 3408 venir
486 3367 504 3408 a
526 3343 573 3407 las
597 3365 728 3422 manos,
762 3345 808 3408 los
831 3367 891 3428 que
913 3344 1086 3410 viendote¹
1109 3345 1316 3410 confederado
1408 3341 1415 3359 ⁰

167 3472 225 3515 con
249 3451 278 3513 61
301 3472 356 3533 rey
380 3449 417 3512 de
439 3449 582 3526 Francia,
606 3450 651 3513 166
675 3450 816 3533 parocia,
841 3471 901 3533 que
924 3472 966 3513 no
988 3451 1076 3514 avria
1098 3471 1172 3514 cosa
1195 3472 1256 3533 que
1276 3471 1319 3513 no

166 3553 361 3640 pudiessen2
384 3554 556 3638 concluyr,
589 3553 669 3618 Pero
703 3560 829 3620 vuestra
850 3554 1015 3638 Magastad
1044 3554 1164 3617 usando
1196 3555 1320 3619 deuna

167 3660 313 3744 singular
335 3659 547 3736 humanidad,
569 3682 591 3743 y
612 3659 802 3742 prudencia,
825 3662 902 3722 tuvo
925 3681 983 3741 por
1006 3658 1080 3722 bien
1103 3680 1164 3741 que
1187 3681 1226 3722 en
1249 3663 1320 3722 otra

168 3764 263 3828 Dicta
286 3764 457 3847 signiente,
489 3787 522 3828 se
544 3767 679 3828 tratasse
700 3765 733 3829 la
755 3785 847 3828 causa
870 3766 960 3828 entre
983 3762 1130 3859 hombres
1153 3763 1260 3827 doctos
1282 3762 1320 3826 de

163 3871 276 3934 'ambas
301 3873 424 3953 partes:

736 3988 753 4028 a

178 4101 181 4106 ’
258 4077 333 4140 Nun
350 4078 412 4140 w'dl
428 4076 464 4141 Ε.
478 4079 521 4142 Μ.
537 4078 729 4153 bedencken,
752 4077 793 4140 ob
810 4098 884 4140 man
900 4076 950 4140 nit
965 4075 1130 4140 bekennen
1152 4081 1232 4154 mhs,
1255 4076 1321 4140 und

170 4182 228 4259 sol,
251 4183 306 4245 clas
329 4181 509 4266 vilgemelte
531 4184 615 4260 sach,
639 4182 737 4247 durch
762 4180 826 4245 Got
848 4182 906 4246 den
930 4180 1043 4245 herren
1068 4180 1168 4265 regirt
1183 4179 1247 4243 und
1263 4199 1319 4263 ge·

241 4406 253 4458 1
275 4407 343 4462 1559
362 4406 421 4463 una
441 4384 680 4470 1666166666.
751 4406 768 4458 a
789 4407 856 4460 1559
875 4379 1009 4476 pausasse
1048 4401 1255 4474 lampadiam.
