2858 5054
732 334 794 397 114

183 508 285 574 Deum
308 507 530 583 immortalem,
554 510 692 588 quantus
715 506 760 570 ibi
773 505 938 585 ‘fremitus
967 512 1086 590 quanta
1109 510 1278 592 consurget
1301 507 1334 570 in

183 636 237 678 vos
261 612 423 676 hominum
447 611 635 694 indignatio.
670 611 729 674 Sed
746 632 810 674 non
834 612 880 675 ita
903 612 984 675 serio
1006 612 1140 677 fortasse
1162 612 1332 676 concilium

182 719 313 804 urgetis,
337 720 374 779 ut
397 718 528 798 apparet
550 736 587 777 ex
612 715 667 777 illa
690 719 794 779 vestra
818 716 1050 780 consultatione
1065 717 1238 800 proposita.
1272 717 1334 794 Qui

182 827 287 910 potest
310 822 394 886 enim
418 842 480 883 uno
504 820 674 902 eodemque
696 825 840 903 tempore
862 823 895 883 et
918 821 987 904 cogi
1019 821 1187 884 concilium
1210 825 1242 884 et
1263 821 1332 885 bel-

182 931 249 993 lum
272 929 306 990 in
330 927 464 990 Turcam
487 923 628 1006 suscipi?
672 922 797 986 Pariter
821 924 882 986 ista
904 924 973 986 fieri
997 946 1060 987 non
1094 928 1244 1007 possunt,
1278 938 1335 1008 pe'r

183 1031 351 1097 intervalla
384 1030 554 1112 poterunt,
590 1027 649 1089 hoo
678 1026 739 1108 ipsi
771 1048 834 1090 non
857 1027 1033 1111 ignoratis,
1069 1029 1188 1111 alioqui
1211 1030 1334 1094 nullam

183 1138 279 1202 eratis
300 1133 416 1198 facturi
438 1130 640 1194 mentionem.
675 1128 821 1192 Graviter
841 1130 903 1193 fuit
926 1132 1146 1215 interpellatus
1168 1133 1232 1198 Leo
1253 1156 1334 1217 pon·

183 1243 262 1307 tifex
278 1242 315 1304 de
331 1238 473 1312 concilio,
497 1235 549 1298 sed
566 1238 635 1297 tum
651 1256 765 1297 novam
782 1234 845 1298 fuit
862 1236 1042 1318 auspicatus
1062 1236 1117 1300 ille
1132 1239 1331 1322 tragoediam,

183 1348 270 1429 cujus
294 1342 454 1427 quamsit
477 1341 638 1403 luctuosus
661 1342 693 1402 et
715 1339 859 1403 funestus
884 1342 995 1418 9111119,
1019 1343 1115 1405 etiam
1139 1342 1232 1407 hodie
1254 1345 1331 1408 satis

184 1450 371 1534 experimur.
418 1445 577 1509 Adrianus
600 1444 766 1508 videbatur
796 1467 861 1508 esse
891 1447 999 1529 paulo¹
1015 1447 1202 1528 simplicior,
1238 1471 1334 1531 quam

184 1557 239 1639 qui
261 1553 373 1617 vestris
396 1551 536 1632 moribus
568 1551 767 1627 conveniret3
804 1552 979 1634 cujusmodi
1011 1553 1108 1616 etiam
1139 1554 1237 1619 fuerit
1267 1556 1335 1639 ejus

63 1668 66 1673 ’
183 1661 341 1736 interitus,
365 1678 430 1719 non
454 1655 591 1719 nescitis.
631 1656 693 1733 oui
715 1656 863 1720 successit
885 1656 957 1720 huic
978 1654 982 1743 l
1003 1657 1147 1721 Clemens
1171 1682 1262 1743 papa,
1286 1659 1331 1724 sic

185 1765 252 1851 egit
274 1768 306 1828 et
328 1763 409 1825 vixit
431 1766 500 1825 toto
525 1761 574 1824 sui
596 1761 801 1844 pontificatus
821 1765 972 1844 tempore,
997 1767 1032 1824 ut
1048 1763 1103 1844 qui
1118 1763 1332 1828 innocentiam

184 1871 249 1953 ejus
273 1869 349 1931 velit
364 1866 545 1930 hominibus
562 1866 746 1949 approbare,
770 1867 851 1930 nihil
867 1867 953 1930 aliud
969 1871 1054 1950 agat,
1079 1890 1173 1951 quam
1189 1872 1225 1932 ut
1239 1869 1333 1933 fidem

184 1977 218 2038 in
241 1974 333 2038 rebus
357 1973 428 2035 aliis
452 1970 598 2034 omnibus
621 1971 688 2053 ipse
711 1971 772 2035 sibi
800 1973 938 2056 deroget.
977 1971 1070 2036 Paene
1093 1973 1251 2038 exciderat
1273 1972 1332 2038 Ju-

184 2081 245 2144 lius
269 2078 322 2142 ille
346 2079 582 2151 sacrosanctus3

184 2208 255 2250 cum
278 2181 443 2265 impetrari
466 2202 530 2245 non
554 2184 660 2263 posset
683 2180 722 2243 ab
746 2202 781 2243 eo
802 2180 980 2257 concilium,
1003 2182 1141 2265 adeoque
1157 2181 1335 2245 monarcha

751 2303 769 2341 a

183 2387 311 2457 missen
334 2389 497 2467 udlassen,
531 2391 608 2453 umh
629 2389 764 2454 welcher
787 2390 950 2454 Articlreln
975 2391 1100 2466 willeri,
1134 2391 1183 2468 ir,
1215 2390 1333 2454 991191

184 2500 301 2560 11911191
323 2494 549 2578 unsehuldiger
571 2496 647 2571 leut,
672 2496 733 2559 ieta
750 2496 864 2560 etliche
876 2497 927 2577 jar
942 2496 1074 2579 vertilgt
1089 2495 1217 2558 habent.
1256 2494 1335 2559 Was

184 2622 325 2686 grosser,
360 2599 585 2663 erbarnrlioher
615 2601 811 2685 anclagung,
844 2600 941 2663 wirdt
972 2600 1041 2664 sich
1070 2600 1207 2664 daselbst
1236 2599 1334 2662 wider

184 2704 723 2789 91911(11191111191)9111919111]ι
768 2704 939 2769 1111911119
969 2705 1044 2769 aber
1073 2705 1133 2767 mit
1156 2705 1226 2768 dem
1250 2703 1331 2768 Con·

183 2812 266 2892 cilio,
290 2812 332 2875 ob
355 2810 417 2875 Got
439 2810 521 2887 will,
557 2810 608 2872 nit
630 2833 664 2874 so
687 2810 841 2875 ernstlich
864 2811 1008 2888 meinen,
1043 2810 1089 2874 als
1121 2810 1149 2872 ir
1172 2809 1250 2874 euch
1273 2832 1330 2872 au-

184 2919 328 2992 nement,
362 2916 420 2980 wie
451 2916 535 2978 dann
566 2938 622 2979 aus
647 2937 759 2979 ewerm
783 2916 948 3000 gegehnen
972 2914 1155 2998 radtschlag
1177 2918 1215 2978 ad
1238 2913 1333 2977 sehen

182 3023 235 3085 ist.
281 3020 374 3084 Danu
398 3019 457 3082 wie
480 3020 537 3083 ists
560 3020 714 3104 moglich,
748 3024 786 3084 nd
814 3021 902 3083 einer
934 3021 995 3084 neit
1018 3020 1072 3082 das
1097 3018 1272 3084 Concilium
1296 3022 1334 3082 nd

183 3125 302 3199 halten,
326 3124 390 3187 und
413 3144 515 3206 gagen
538 3124 599 3186 den
622 3124 768 3188 Tiirclren
791 3128 828 3189 zu
851 3124 974 3201 ziehen,
1006 3124 1065 3188 wie
1088 3125 1115 3187 ir
1139 3119 1332 3207 ffirgebent?

183 3228 225 3292 Es
247 3231 318 3292 mds
341 3248 379 3311 ye
401 3226 469 3290 eins
492 3247 558 3304 vor,
583 3229 637 3291 das
658 3229 755 3293 ander
771 3228 852 3293 nach
868 3228 1053 3305 beschehen,
1078 3227 1249 3311 samptlich
1272 3227 1335 3291 kan

183 3356 216 3397 99
238 3333 289 3396 nit
312 3333 399 3409 sein,
434 3332 489 3395 das
518 3333 647 3396 wissent
671 3334 699 3396 ir
722 3335 801 3412 wel,
838 3327 927 3398 const
950 3329 1093 3398 wdrdent
1116 3334 1145 3396 ir
1166 3333 1226 3396 wol
1250 3328 1343 3395 still-'

183 3438 368 3522 schweigen.
396 3436 485 3501 Beim
496 3437 601 3502 Leone
617 3439 673 3502 hat
689 3458 762 3502 man
778 3441 910 3504 dardmb
921 3436 1105 3524 angestcht,
1119 3437 1194 3500 aber
1206 3457 1239 3499 er
1249 3436 1336 3519 fieng

183 3545 234 3607 9111
258 3543 355 3606 ander
377 3543 439 3625 spil
470 3565 532 3620 an,
567 3545 622 3607 das
651 3544 717 3608 seid
742 3543 799 3607 her
820 3544 865 3607 vil
888 3546 1016 3608 tausent
1037 3540 1207 3605 menschen
1229 3540 1335 3603 hustet

183 3649 260 3727 hat,
294 3649 359 3711 und
391 3649 472 3712 noch
506 3650 556 3712 nit
578 3650 777 3735 audgespilet
801 3650 850 3713 ist.
899 3649 963 3712 Der
986 3645 1146 3710 Adrianus
1168 3667 1233 3709 war
1257 3644 1335 3708 euch

183 3757 221 3818 ml
243 3752 398 3836 einfeltig,
422 3754 450 3815 ir
473 3757 604 3838 mdgent
626 3755 749 3832 wissen,
778 3754 838 3818 wie
860 3776 894 3818 91
916 3755 983 3817 sein
1008 3752 1068 3815 end
1091 3771 1245 3836 genomen
1268 3749 1333 3812 hat.

182 3857 351 3941 Dergleich
374 3859 454 3921 nach
477 3859 522 3921 im
544 3859 659 3922 komen
683 3859 734 3938 ist,
760 3881 824 3923 wer
847 3859 938 3923 wolts
961 3857 1102 3944 gemeint
1123 3856 1245 3932 haben,
1278 3853 1336 3914 be·

182 3964 286 4046 gerets
309 3961 464 4039 hdchlich
487 3964 552 4027 und
574 3963 697 4027 mochts
719 3965 770 4027 nit
792 3964 945 4030 erhalten.
981 3964 1054 4028 Und
1079 3960 1201 4025 dieweil
1223 3956 1332 4040 yeder·

182 4088 255 4129 man
279 4065 401 4149 lxflndig
425 4066 477 4144 ist,
502 4069 560 4132 wie
584 4091 617 4131 er
639 4068 719 4132 haus
742 4068 891 4154 gehalten
914 4070 980 4147 hat,
1005 4068 1100 4132 darffs
1124 4064 1234 4127 keiner
1255 4060 1329 4123 1191-

181 4174 253 4234 tern
276 4170 434 4254 erzdlung.
482 4172 538 4237 Ich
561 4174 651 4237 hatte
674 4172 760 4237 schir
782 4196 965 4259 vergesseu,
997 4195 1059 4239 von
1082 4169 1186 4247 Julio,
1221 4163 1333 4228 neehst

182 4296 238 4338 vor
261 4274 331 4336 dem
352 4275 467 4354 Leone,
492 4282 531 4342 111
554 4300 661 4363 sagon.
856 4276 859 4282 ’

268 4380 361 4447 Nach
383 4382 450 4446 dem
475 4405 550 4448 man
574 4386 667 4470 lange
690 4383 768 4463 neit,
791 4383 991 4469 vergeblich,
1014 4382 1066 4447 191
1089 4383 1149 4461 im,
1172 4379 1227 4444 des
1251 4375 1335 4442 Con-
