2858 5054
678 362 739 423 118

132 529 246 609 bium,
263 530 316 594 sed
339 554 408 596 ecce
431 536 609 615 quaestuosa
631 531 693 595 fuit
717 532 813 597 etiam
835 532 884 596 illi
907 532 973 596 haec
997 533 1067 616 ipsa
1089 532 1284 619 repurgatio.

132 634 198 699 Nec
221 635 306 698 euim
328 635 445 700 licebat
467 637 500 700 in
525 658 561 700 eo
576 636 733 700 breviario
751 637 878 713 versari,
903 637 965 700 nisi
981 640 1100 701 certam
1116 638 1284 720 pecuniam

132 740 203 823 quis
226 740 434 823 dependisset.
483 742 566 820 Quid
590 742 671 806 hoe?
716 741 832 806 Nonne
854 765 963 806 verum
986 747 1050 819 est,
1077 743 1159 824 quod
1182 742 1284 826 scrip·

132 849 204 908 tura
233 849 389 924 testatur,
424 868 478 910 vos
510 846 627 911 habere
659 851 799 910 mentem
821 847 1117 911 exercitatissimam
1139 848 1173 910 in
1196 848 1285 910 omni

132 970 247 1033 genere
269 951 413 1032 rapina?

220 1054 297 1118 Post
320 1054 402 1119 hanc
425 1055 671 1119 ostentationem
702 1055 801 1119 animi
831 1077 895 1119 non
925 1055 1055 1139 pessimi
1086 1055 1182 1138 eoepit
1212 1076 1284 1137 pre·

136 1157 270 1221 hensare
292 1163 324 1222 et
347 1159 484 1236 ambire,
516 1159 606 1242 quasi
630 1158 719 1223 valde
741 1162 869 1241 cuperet
892 1159 1055 1241 publicum
1077 1159 1163 1223 orbis
1186 1160 1284 1223 comi-

134 1262 226 1338 tium,
250 1262 304 1326 sed
328 1263 406 1326 illud
429 1263 464 1325 in
487 1261 582 1326 Italia
605 1264 676 1347 cogi
700 1263 834 1340 volebat,
859 1267 894 1326 ut
919 1262 1062 1327 Clemens
1086 1265 1192 1341 etiam,
1219 1283 1285 1326 non

134 1367 167 1430 iu
191 1366 383 1443 Germania,
419 1365 502 1428 nihil
531 1366 670 1445 veritus,
706 1366 798 1430 irrita
820 1367 922 1432 faeere
945 1372 1011 1432 tam
1034 1369 1137 1433 multa
1159 1368 1286 1450 imperii

134 1472 273 1548 decreta,
308 1471 423 1552 quibus
445 1470 506 1534 hoc
528 1471 685 1547 sancitum
709 1475 775 1548 est,
810 1472 951 1536 omnium
975 1473 1123 1536 ordinum
1145 1494 1285 1549 assensu,

134 1579 171 1639 ut
193 1575 280 1638 intra
303 1574 481 1639 Germaniae
503 1575 582 1638 fines
605 1580 778 1660 cogeretur.
815 1575 958 1641 Clemens
982 1581 1050 1642 erat
1073 1578 1284 1663 arrogantior,

133 1684 170 1743 ut
192 1679 246 1762 qui
270 1682 302 1743 et
324 1680 380 1743 illa
402 1680 527 1762 imperii
551 1680 674 1744 decreta
695 1685 919 1758 contemneret,
944 1703 989 1760 ac,
1013 1685 1166 1764 tanquam
1181 1687 1284 1746 rector

134 1788 166 1849 et
190 1785 336 1849 dominus
359 1786 454 1864 orbiS,
479 1786 677 1850 condiciones
694 1787 790 1850 etiam
804 1791 836 1850 et
852 1787 937 1871 leges
954 1788 1170 1869 praescriberet
1185 1786 1286 1850 futuri

134 1890 270 1967 concilii,
295 1912 364 1972 quae
387 1891 466 1955 tales
490 1889 520 1973 [I
530 1891 579 1973 iij]
602 1895 703 1969 erant,
727 1895 772 1969 ut,
796 1889 824 1953 si
842 1890 945 1954 locum
961 1891 1158 1968 habuissent,
1182 1891 1284 1970 facile,

134 2016 196 2077 quo
217 1994 343 2058 volebat
366 1999 397 2058 et
421 1994 599 2078 spectabat,
635 1994 838 2078 pervenisset.
885 1992 1002 2057 Paulus
1024 2015 1116 2072 vero,
1141 1996 1285 2078 quinon

135 2099 313 2183 ignoraret,
337 2099 601 2180 quemadmodum
624 2101 760 2181 exceptae
783 2097 920 2161 fuissent
942 2098 991 2161 hae
1015 2097 1186 2163 Clementis
1211 2123 1285 2165 con·

135 2205 273 2268 diciones
296 2227 332 2268 ac
354 2204 544 2289 repudiata,
579 2203 683 2267 nullas
716 2203 842 2286 quidem
873 2204 941 2286 ipse
972 2204 1057 2288 leges
1080 2204 1218 2283 ferebat,
1250 2210 1288 2271 ut

136 2308 306 2372 humanior
327 2331 395 2373 esse
417 2309 577 2372 videretur
599 2312 631 2371 et
660 2308 782 2386 lenior,
817 2308 952 2371 alterum
983 2331 1056 2372 vero
1086 2331 1150 2373 non
1183 2311 1287 2395 magis

136 2413 340 2490 remittebat,
377 2412 460 2496 quod
483 2410 649 2488 Glemona,
686 2416 718 2475 et
748 2410 875 2474 Italiam
906 2413 1032 2477 volebat
1063 2435 1133 2477 esse
1161 2415 1287 2479 concilii

135 2518 249 2580 sedem.
296 2516 371 2580 Fuit
394 2517 494 2601 igitur
517 2520 664 2600 exceptus
687 2516 745 2579 hae
768 2520 876 2599 parte,
901 2538 964 2580 non
989 2517 1081 2582 aliter
1104 2541 1199 2601 quam
1221 2520 1285 2584 ille.

135 2620 177 2684 Et
201 2641 262 2704 quo
286 2625 425 2704 tempore
449 2621 494 2685 111
518 2621 668 2699 instabat,
693 2621 795 2684 multa
813 2621 880 2704 jam
902 2625 993 2685 erant
1015 2625 1047 2684 et
1069 2644 1134 2686 non
1154 2624 1287 2688 obscura

135 2726 229 2810 signa
251 2725 353 2790 futuri
374 2748 430 2809 per
454 2725 583 2790 Italiam
605 2726 691 2804 belli,
716 2726 798 2808 quod
822 2748 894 2790 cum
917 2749 1000 2790 anno
1020 2729 1165 2811 sequenti
1181 2733 1287 2794 ortum

135 2835 225 2909 esset,
249 2831 343 2896 homo
367 2831 493 2895 sedulus
515 2835 547 2894 et
571 2831 725 2915 vigilans,
758 2831 1030 2914 opportunitatem
1062 2831 1144 2898 hanc
1173 2855 1285 2916 specu·

134 2936 239 3013 latus,
264 2958 326 3019 quo
348 2939 490 3018 tempore
513 2935 631 2998 bellum
655 2935 804 3023 ardebat,
838 2936 943 3017 palam
967 2936 1083 3000 indixit
1106 2939 1284 3016 concilium,

137 3041 231 3123 quod,
254 3063 325 3104 cum
350 3062 412 3104 non
436 3039 550 3115 coiret,
574 3039 723 3123 gravibus
746 3039 920 3122 interjectis
943 3040 1194 3123 impedimentis,
1229 3043 1284 3107 1111

136 3144 239 3208 111111
262 3144 443 3221 animosior,
467 3142 629 3226 pergebat,
653 3146 686 3206 et
707 3143 792 3207 orbis
807 3144 992 3227 deplorabat
1007 3145 1175 3224 miseriam,
1202 3149 1285 3230 quod

28 3333 31 3339 ff
57 3296 59 3301 -
137 3248 248 3312 salutis
272 3270 334 3311 suae
357 3252 481 3330 tempus
504 3247 688 3330 negligeret.
735 3247 783 3310 Ac
808 3249 954 3330 nequod
978 3251 1108 3314 omnino
1130 3252 1206 3315 boni
1227 3276 1284 3336 pa-

135 3352 229 3416 storis
252 3351 390 3417 officium
414 3350 681 3434 praetermitteret,
706 3355 803 3434 utque
821 3374 930 3416 omnes
959 3353 1102 3418 homines
1133 3355 1284 3436 riderent,

31 3526 36 3533 ,
137 3481 231 3542 quam
255 3457 336 3521 serio
354 3479 421 3521 rem
437 3460 554 3541 ageret,
579 3457 662 3539 quod
678 3455 819 3520 Mantuae
841 3457 1050 3521 constituerat
1072 3458 1188 3524 habere
1211 3483 1286 3526 con-

703 3576 720 3614 ⁹5

136 3664 200 3729 Das
223 3666 264 3729 ist
287 3688 352 3729 nun
376 3666 426 3730 die
449 3669 531 3730 erste
554 3665 734 3743 botsohafft,
758 3665 823 3728 und
847 3664 893 3728 111
916 3665 944 3727 11
968 3664 1104 3730 dieselbe
1121 3668 1287 3734 herausser

136 3771 335 3856 geschicket,
369 3776 498 3856 mtgent
531 3771 558 3834 ir
590 3770 668 3834 euch
699 3771 869 3848 erinuern,
906 3770 946 3833 ob
978 3771 1006 3832 ir
1030 3771 1119 3835 nicht
1142 3773 1286 3837 dazdmal

136 3875 273 3952 wissent,
299 3876 354 3939 das
377 3876 473 3940 schon
498 3857 594 3940 etwas
618 3876 685 3938 auff
704 3876 758 3938 der
780 3874 843 3937 bau
866 3897 941 3951 war,
971 3876 1025 3938 das
1049 3874 1225 3940 Concilium
1248 3883 1287 3942 air

135 3980 352 4045 verhinderen.
388 3980 467 4046 de
483 3981 619 4045 anderen
641 3979 707 4044 mal
729 3979 849 4043 habent
869 3979 920 4042 ihr
942 3983 1040 4064 ganta
1062 3980 1113 4043 eiu
1136 3981 1288 4065 gelegene

136 4085 197 4149 neit
227 4090 347 4170 ereugt.
393 4083 452 4149 Ale
487 4086 537 4149 die
562 4084 757 4149 Monarchen
791 4085 845 4166 (on
868 4083 986 4148 welche
1017 4083 1122 4148 nichts
1153 4085 1187 4147 in
1218 4084 1287 4146 dem

135 4189 193 4254 fall
214 4190 389 4275 geschehen
422 4190 508 4274 mag)
544 4188 644 4252 durch
677 4187 767 4272 krieg
802 4208 905 4272 gagen
936 4186 1089 4251 einander
1118 4185 1287 4251 verbittert

136 4317 256 4372 waren,
287 4296 405 4359 habent
428 4295 456 4357 ir
480 4293 652 4358 widerumb
675 4292 886 4377 angehalten,
919 4292 984 4356 und
1007 4291 1057 4355 die
1078 4290 1150 4354 weil
1173 4312 1205 4353 es
1228 4311 1286 4354 on·
1327 4297 1329 4301 ’

136 4399 275 4483 mbglich
297 4422 372 4478 war,
397 4400 463 4464 sein
486 4399 539 4463 ihr
560 4399 649 4463 desto
672 4393 773 4463 kdner
797 4398 942 4475 worden,
966 4396 1032 4460 und
1056 4395 1157 4460 damit
1181 4395 1214 4479 ja
1236 4395 1286 4460 nit
