<?xml version="1.0" encoding="UTF-8"?>
<!DOCTYPE html PUBLIC "-//W3C//DTD XHTML 1.0 Transitional//EN"
    "http://www.w3.org/TR/xhtml1/DTD/xhtml1-transitional.dtd">
<html xmlns="http://www.w3.org/1999/xhtml" xml:lang="en" lang="en">
 <head>
  <title>
</title>
<meta http-equiv="Content-Type" content="text/html;charset=utf-8" />
  <meta name='ocr-system' content='tesseract 3.04.00' />
  <meta name='ocr-capabilities' content='ocr_page ocr_carea ocr_par ocr_line ocrx_word'/>
</head>
<body>
  <div class='ocr_page' id='page_1' title='image "./zweiredenankais01sleigoog_0192.png"; bbox 0 0 2858 5054; ppageno 0'>
   <div class='ocr_carea' id='block_1_1' title="bbox 686 320 746 382">
    <p class='ocr_par' dir='ltr' id='par_1_1' title="bbox 686 320 746 382">
     <span class='ocr_line' id='line_1_1' title="bbox 686 320 746 382; baseline 0.033 -2"><span class='ocrx_word' id='word_1_1' title='bbox 686 320 746 382; x_wconf 82' lang='lat'>182</span> 
     </span>
    </p>
   </div>
   <div class='ocr_carea' id='block_1_2' title="bbox 137 489 1292 2141">
    <p class='ocr_par' dir='ltr' id='par_1_2' title="bbox 138 489 1292 887">
     <span class='ocr_line' id='line_1_2' title="bbox 139 489 1290 575; baseline 0.001 -20"><span class='ocrx_word' id='word_1_2' title='bbox 139 491 197 555; x_wconf 81' lang='lat' dir='ltr'>hnc</span> <span class='ocrx_word' id='word_1_3' title='bbox 220 491 375 570; x_wconf 87' lang='lat' dir='ltr'>libertate,</span> <span class='ocrx_word' id='word_1_4' title='bbox 399 491 538 555; x_wconf 87' lang='lat' dir='ltr'>rationes</span> <span class='ocrx_word' id='word_1_5' title='bbox 560 491 687 554; x_wconf 91' lang='lat' dir='ltr'>inibant</span> <span class='ocrx_word' id='word_1_6' title='bbox 702 489 892 575; x_wconf 83' lang='lat' dir='ltr'>subjugandi</span> <span class='ocrx_word' id='word_1_7' title='bbox 909 490 1049 569; x_wconf 84' lang='lat' dir='ltr'>Caesaris,</span> <span class='ocrx_word' id='word_1_8' title='bbox 1073 513 1175 574; x_wconf 87' lang='lat' dir='ltr'>neque</span> <span class='ocrx_word' id='word_1_9' title='bbox 1190 490 1290 556; x_wconf 87' lang='lat' dir='ltr'>veriti</span> 
     </span>
     <span class='ocr_line' id='line_1_3' title="bbox 139 595 1292 679; baseline 0.002 -21"><span class='ocrx_word' id='word_1_10' title='bbox 139 600 215 660; x_wconf 85' lang='lat' dir='ltr'>sunt</span> <span class='ocrx_word' id='word_1_11' title='bbox 237 598 365 660; x_wconf 84' lang='lat' dir='ltr'>tandem</span> <span class='ocrx_word' id='word_1_12' title='bbox 387 597 547 679; x_wconf 84' lang='lat' dir='ltr'>postulare</span> <span class='ocrx_word' id='word_1_13' title='bbox 565 596 786 679; x_wconf 87' lang='lat' dir='ltr'>jusjurandum</span> <span class='ocrx_word' id='word_1_14' title='bbox 803 596 843 659; x_wconf 92' lang='lat' dir='ltr'>ab</span> <span class='ocrx_word' id='word_1_15' title='bbox 858 616 904 672; x_wconf 84' lang='lat' dir='ltr'>ec,</span> <span class='ocrx_word' id='word_1_16' title='bbox 929 595 1021 678; x_wconf 86' lang='lat' dir='ltr'>quale</span> <span class='ocrx_word' id='word_1_17' title='bbox 1036 596 1139 659; x_wconf 92' lang='lat' dir='ltr'>solent</span> <span class='ocrx_word' id='word_1_18' title='bbox 1154 596 1292 660; x_wconf 85' lang='lat' dir='ltr'>clientes</span> 
     </span>
     <span class='ocr_line' id='line_1_4' title="bbox 138 699 1290 784; baseline -0.002 -20"><span class='ocrx_word' id='word_1_19' title='bbox 138 704 288 784; x_wconf 86' lang='lat' dir='ltr'>praestnre</span> <span class='ocrx_word' id='word_1_20' title='bbox 311 702 374 764; x_wconf 90' lang='lat' dir='ltr'>suis</span> <span class='ocrx_word' id='word_1_21' title='bbox 397 701 547 783; x_wconf 85' lang='lat' dir='ltr'>patronis.</span> <span class='ocrx_word' id='word_1_22' title='bbox 594 700 663 763; x_wconf 92' lang='lat' dir='ltr'>Hoc</span> <span class='ocrx_word' id='word_1_23' title='bbox 686 700 758 763; x_wconf 88' lang='lat' dir='ltr'>iude</span> <span class='ocrx_word' id='word_1_24' title='bbox 780 700 956 781; x_wconf 87' lang='lat' dir='ltr'>profectum</span> <span class='ocrx_word' id='word_1_25' title='bbox 979 702 1036 778; x_wconf 89' lang='lat' dir='ltr'>est,</span> <span class='ocrx_word' id='word_1_26' title='bbox 1062 699 1212 781; x_wconf 89' lang='lat' dir='ltr'>quoniam</span> <span class='ocrx_word' id='word_1_27' title='bbox 1238 699 1290 762; x_wconf 93' lang='lat' dir='ltr'>in-</span> 
     </span>
     <span class='ocr_line' id='line_1_5' title="bbox 138 803 868 887; baseline -0.004 -19"><span class='ocrx_word' id='word_1_28' title='bbox 138 805 346 887; x_wconf 78' lang='lat' dir='ltr'>auguratione</span> <span class='ocrx_word' id='word_1_29' title='bbox 367 804 454 869; x_wconf 88' lang='lat' dir='ltr'>facta</span> <span class='ocrx_word' id='word_1_30' title='bbox 476 803 700 868; x_wconf 69' lang='lat' dir='ltr'>consecrabant</span> <span class='ocrx_word' id='word_1_31' title='bbox 724 803 868 867; x_wconf 79' lang='lat' dir='ltr'>Caesares.</span> 
     </span>
    </p>

    <p class='ocr_par' dir='ltr' id='par_1_3' title="bbox 137 905 1290 1410">
     <span class='ocr_line' id='line_1_6' title="bbox 139 905 1289 993; baseline 0 -21"><span class='ocrx_word' id='word_1_32' title='bbox 139 909 199 986; x_wconf 83' lang='lat' dir='ltr'>Qui</span> <span class='ocrx_word' id='word_1_33' title='bbox 225 910 349 993; x_wconf 86' lang='lat' dir='ltr'>magnis</span> <span class='ocrx_word' id='word_1_34' title='bbox 372 909 487 972; x_wconf 84' lang='lat' dir='ltr'>animis</span> <span class='ocrx_word' id='word_1_35' title='bbox 511 909 604 971; x_wconf 89' lang='lat' dir='ltr'>initio</span> <span class='ocrx_word' id='word_1_36' title='bbox 627 908 817 971; x_wconf 72' lang='lat' dir='ltr'>resistebant</span> <span class='ocrx_word' id='word_1_37' title='bbox 840 905 914 969; x_wconf 91' lang='lat' dir='ltr'>huic</span> <span class='ocrx_word' id='word_1_38' title='bbox 936 905 1063 970; x_wconf 90' lang='lat' dir='ltr'>illorum</span> <span class='ocrx_word' id='word_1_39' title='bbox 1093 907 1289 991; x_wconf 92' lang='lat' dir='ltr'>importuni-</span> 
     </span>
     <span class='ocr_line' id='line_1_7' title="bbox 138 1012 1289 1095; baseline -0.002 -17"><span class='ocrx_word' id='word_1_40' title='bbox 138 1014 198 1078; x_wconf 86' lang='lat' dir='ltr'>tati</span> <span class='ocrx_word' id='word_1_41' title='bbox 221 1018 253 1077; x_wconf 90' lang='lat' dir='ltr'>et</span> <span class='ocrx_word' id='word_1_42' title='bbox 275 1015 419 1078; x_wconf 66' lang='lat' dir='ltr'>audacias.</span> <span class='ocrx_word' id='word_1_43' title='bbox 452 1012 536 1076; x_wconf 84' lang='lat' dir='ltr'>Nam</span> <span class='ocrx_word' id='word_1_44' title='bbox 556 1018 588 1076; x_wconf 90' lang='lat' dir='ltr'>et</span> <span class='ocrx_word' id='word_1_45' title='bbox 605 1013 697 1076; x_wconf 88' lang='lat' dir='ltr'>hodie</span> <span class='ocrx_word' id='word_1_46' title='bbox 713 1034 804 1076; x_wconf 91' lang='lat' dir='ltr'>nemo</span> <span class='ocrx_word' id='word_1_47' title='bbox 820 1014 876 1091; x_wconf 86' lang='lat' dir='ltr'>est,</span> <span class='ocrx_word' id='word_1_48' title='bbox 900 1012 1033 1093; x_wconf 91' lang='lat' dir='ltr'>quinon</span> <span class='ocrx_word' id='word_1_49' title='bbox 1051 1012 1289 1095; x_wconf 73' lang='lat' dir='ltr'>obstupesceret</span> 
     </span>
     <span class='ocr_line' id='line_1_8' title="bbox 138 1115 1290 1202; baseline -0.003 -20"><span class='ocrx_word' id='word_1_50' title='bbox 138 1119 265 1182; x_wconf 85' lang='lat' dir='ltr'>adrem</span> <span class='ocrx_word' id='word_1_51' title='bbox 296 1119 372 1182; x_wconf 92' lang='lat' dir='ltr'>adeo</span> <span class='ocrx_word' id='word_1_52' title='bbox 403 1140 536 1195; x_wconf 84' lang='lat' dir='ltr'>novam,</span> <span class='ocrx_word' id='word_1_53' title='bbox 570 1118 641 1202; x_wconf 85' lang='lat' dir='ltr'>cogi</span> <span class='ocrx_word' id='word_1_54' title='bbox 673 1117 793 1180; x_wconf 81' lang='lat' dir='ltr'>scilicet</span> <span class='ocrx_word' id='word_1_55' title='bbox 825 1116 920 1179; x_wconf 90' lang='lat' dir='ltr'>fidem</span> <span class='ocrx_word' id='word_1_56' title='bbox 951 1120 983 1179; x_wconf 91' lang='lat' dir='ltr'>et</span> <span class='ocrx_word' id='word_1_57' title='bbox 1017 1115 1203 1198; x_wconf 86' lang='lat' dir='ltr'>obsequium</span> <span class='ocrx_word' id='word_1_58' title='bbox 1238 1116 1290 1180; x_wconf 91' lang='lat' dir='ltr'>illi</span> 
     </span>
     <span class='ocr_line' id='line_1_9' title="bbox 137 1219 1288 1305; baseline -0.001 -20"><span class='ocrx_word' id='word_1_59' title='bbox 137 1226 296 1305; x_wconf 77' lang='lat' dir='ltr'>praestare,</span> <span class='ocrx_word' id='word_1_60' title='bbox 321 1223 376 1305; x_wconf 88' lang='lat' dir='ltr'>qui</span> <span class='ocrx_word' id='word_1_61' title='bbox 399 1226 472 1285; x_wconf 89' lang='lat' dir='ltr'>tuus</span> <span class='ocrx_word' id='word_1_62' title='bbox 489 1226 582 1285; x_wconf 83' lang='lat' dir='ltr'>antea</span> <span class='ocrx_word' id='word_1_63' title='bbox 599 1222 710 1286; x_wconf 87' lang='lat' dir='ltr'>fuisset</span> <span class='ocrx_word' id='word_1_64' title='bbox 725 1222 834 1297; x_wconf 80' lang='lat' dir='ltr'>clienS,</span> <span class='ocrx_word' id='word_1_65' title='bbox 858 1221 946 1303; x_wconf 89' lang='lat' dir='ltr'>cujus</span> <span class='ocrx_word' id='word_1_66' title='bbox 963 1219 1161 1303; x_wconf 81' lang='lat' dir='ltr'>dependisset</span> <span class='ocrx_word' id='word_1_67' title='bbox 1172 1221 1288 1299; x_wconf 88' lang='lat' dir='ltr'>omnis,</span> 
     </span>
     <span class='ocr_line' id='line_1_10' title="bbox 138 1326 1136 1410; baseline -0.002 -20"><span class='ocrx_word' id='word_1_68' title='bbox 138 1349 201 1391; x_wconf 91' lang='lat' dir='ltr'>non</span> <span class='ocrx_word' id='word_1_69' title='bbox 225 1328 271 1391; x_wconf 88' lang='lat' dir='ltr'>ita</span> <span class='ocrx_word' id='word_1_70' title='bbox 292 1328 424 1410; x_wconf 86' lang='lat' dir='ltr'>pridem,</span> <span class='ocrx_word' id='word_1_71' title='bbox 447 1349 466 1390; x_wconf 87' lang='lat' dir='ltr'>a</span> <span class='ocrx_word' id='word_1_72' title='bbox 486 1331 542 1392; x_wconf 89' lang='lat' dir='ltr'>tua</span> <span class='ocrx_word' id='word_1_73' title='bbox 564 1329 727 1391; x_wconf 84' lang='lat' dir='ltr'>voluntate</span> <span class='ocrx_word' id='word_1_74' title='bbox 749 1331 782 1389; x_wconf 87' lang='lat' dir='ltr'>et</span> <span class='ocrx_word' id='word_1_75' title='bbox 805 1347 933 1389; x_wconf 88' lang='lat' dir='ltr'>assensu</span> <span class='ocrx_word' id='word_1_76' title='bbox 957 1326 1136 1389; x_wconf 81' lang='lat' dir='ltr'>auctoritas.</span> 
     </span>
    </p>

    <p class='ocr_par' dir='ltr' id='par_1_4' title="bbox 138 1429 1289 2141">
     <span class='ocr_line' id='line_1_11' title="bbox 227 1429 1288 1512; baseline 0 -18"><span class='ocrx_word' id='word_1_77' title='bbox 227 1431 310 1507; x_wconf 80' lang='lat' dir='ltr'>Quid</span> <span class='ocrx_word' id='word_1_78' title='bbox 333 1431 416 1493; x_wconf 91' lang='lat' dir='ltr'>enim</span> <span class='ocrx_word' id='word_1_79' title='bbox 441 1431 525 1493; x_wconf 91' lang='lat' dir='ltr'>istud</span> <span class='ocrx_word' id='word_1_80' title='bbox 549 1432 662 1494; x_wconf 89' lang='lat' dir='ltr'>estrei</span> <span class='ocrx_word' id='word_1_81' title='bbox 685 1452 785 1507; x_wconf 89' lang='lat' dir='ltr'>novae,</span> <span class='ocrx_word' id='word_1_82' title='bbox 809 1430 853 1493; x_wconf 92' lang='lat' dir='ltr'>mi</span> <span class='ocrx_word' id='word_1_83' title='bbox 877 1429 1019 1493; x_wconf 81' lang='lat' dir='ltr'>Romane</span> <span class='ocrx_word' id='word_1_84' title='bbox 1041 1430 1204 1512; x_wconf 82' lang='lat' dir='ltr'>pontifex,</span> <span class='ocrx_word' id='word_1_85' title='bbox 1229 1435 1288 1495; x_wconf 87' lang='lat' dir='ltr'>aut</span> 
     </span>
     <span class='ocr_line' id='line_1_12' title="bbox 139 1535 1289 1619; baseline 0.003 -22"><span class='ocrx_word' id='word_1_86' title='bbox 139 1535 214 1618; x_wconf 92' lang='lat' dir='ltr'>quid</span> <span class='ocrx_word' id='word_1_87' title='bbox 247 1535 308 1597; x_wconf 89' lang='lat' dir='ltr'>sibi</span> <span class='ocrx_word' id='word_1_88' title='bbox 340 1535 409 1598; x_wconf 84' lang='lat' dir='ltr'>vult</span> <span class='ocrx_word' id='word_1_89' title='bbox 440 1535 491 1598; x_wconf 90' lang='lat' dir='ltr'>hic</span> <span class='ocrx_word' id='word_1_90' title='bbox 524 1539 591 1599; x_wconf 90' lang='lat' dir='ltr'>tam</span> <span class='ocrx_word' id='word_1_91' title='bbox 623 1536 786 1619; x_wconf 90' lang='lat' dir='ltr'>improbus</span> <span class='ocrx_word' id='word_1_92' title='bbox 821 1539 975 1599; x_wconf 81' lang='lat' dir='ltr'>conatus?</span> <span class='ocrx_word' id='word_1_93' title='bbox 1030 1535 1148 1613; x_wconf 79' lang='lat' dir='ltr'>Quodsi</span> <span class='ocrx_word' id='word_1_94' title='bbox 1181 1540 1289 1600; x_wconf 87' lang='lat' dir='ltr'>vestra</span> 
     </span>
     <span class='ocr_line' id='line_1_13' title="bbox 138 1638 1286 1722; baseline 0.001 -20"><span class='ocrx_word' id='word_1_95' title='bbox 138 1661 233 1722; x_wconf 88' lang='lat' dir='ltr'>opera</span> <span class='ocrx_word' id='word_1_96' title='bbox 255 1640 391 1703; x_wconf 91' lang='lat' dir='ltr'>contulit</span> <span class='ocrx_word' id='word_1_97' title='bbox 414 1640 542 1722; x_wconf 88' lang='lat' dir='ltr'>aliquid,</span> <span class='ocrx_word' id='word_1_98' title='bbox 567 1643 603 1702; x_wconf 91' lang='lat' dir='ltr'>ut</span> <span class='ocrx_word' id='word_1_99' title='bbox 622 1640 674 1722; x_wconf 84' lang='lat' dir='ltr'>jus</span> <span class='ocrx_word' id='word_1_100' title='bbox 698 1640 910 1704; x_wconf 89' lang='lat' dir='ltr'>constituendi</span> <span class='ocrx_word' id='word_1_101' title='bbox 927 1638 1058 1703; x_wconf 69' lang='lat' dir='ltr'>Caesaris</span> <span class='ocrx_word' id='word_1_102' title='bbox 1080 1639 1119 1703; x_wconf 83' lang='lat' dir='ltr'>ad</span> <span class='ocrx_word' id='word_1_103' title='bbox 1142 1643 1286 1703; x_wconf 83' lang='lat' dir='ltr'>nostram</span> 
     </span>
     <span class='ocr_line' id='line_1_14' title="bbox 140 1744 1287 1829; baseline 0.001 -22"><span class='ocrx_word' id='word_1_104' title='bbox 140 1747 267 1827; x_wconf 79' lang='lat' dir='ltr'>gentem</span> <span class='ocrx_word' id='word_1_105' title='bbox 291 1745 487 1829; x_wconf 85' lang='lat' dir='ltr'>perveniret,</span> <span class='ocrx_word' id='word_1_106' title='bbox 511 1749 594 1808; x_wconf 88' lang='lat' dir='ltr'>certe</span> <span class='ocrx_word' id='word_1_107' title='bbox 617 1748 649 1807; x_wconf 90' lang='lat' dir='ltr'>et</span> <span class='ocrx_word' id='word_1_108' title='bbox 673 1745 773 1808; x_wconf 91' lang='lat' dir='ltr'>nostri</span> <span class='ocrx_word' id='word_1_109' title='bbox 796 1745 933 1808; x_wconf 87' lang='lat' dir='ltr'>vicissim</span> <span class='ocrx_word' id='word_1_110' title='bbox 956 1745 1089 1827; x_wconf 87' lang='lat' dir='ltr'>majores</span> <span class='ocrx_word' id='word_1_111' title='bbox 1112 1744 1164 1808; x_wconf 89' lang='lat' dir='ltr'>his</span> <span class='ocrx_word' id='word_1_112' title='bbox 1186 1745 1287 1808; x_wconf 80' lang='lat' dir='ltr'>tantis</span> 
     </span>
     <span class='ocr_line' id='line_1_15' title="bbox 140 1849 1287 1934; baseline 0.001 -23"><span class='ocrx_word' id='word_1_113' title='bbox 140 1849 389 1932; x_wconf 86' lang='lat' dir='ltr'>possessionibus</span> <span class='ocrx_word' id='word_1_114' title='bbox 402 1873 456 1915; x_wconf 86' lang='lat' dir='ltr'>vos</span> <span class='ocrx_word' id='word_1_115' title='bbox 473 1851 715 1934; x_wconf 83' lang='lat' dir='ltr'>locupletarunt,</span> <span class='ocrx_word' id='word_1_116' title='bbox 739 1850 836 1914; x_wconf 89' lang='lat' dir='ltr'>immo</span> <span class='ocrx_word' id='word_1_117' title='bbox 852 1870 909 1914; x_wconf 88' lang='lat' dir='ltr'>nos</span> <span class='ocrx_word' id='word_1_118' title='bbox 925 1852 1020 1932; x_wconf 87' lang='lat' dir='ltr'>atque</span> <span class='ocrx_word' id='word_1_119' title='bbox 1035 1849 1168 1931; x_wconf 84' lang='lat' dir='ltr'>majores</span> <span class='ocrx_word' id='word_1_120' title='bbox 1185 1849 1287 1912; x_wconf 89' lang='lat' dir='ltr'>nostri</span> 
     </span>
     <span class='ocr_line' id='line_1_16' title="bbox 138 1953 1285 2038; baseline 0.002 -23"><span class='ocrx_word' id='word_1_121' title='bbox 138 1954 276 2017; x_wconf 83' lang='lat' dir='ltr'>maxima</span> <span class='ocrx_word' id='word_1_122' title='bbox 299 1975 380 2036; x_wconf 86' lang='lat' dir='ltr'>saepe</span> <span class='ocrx_word' id='word_1_123' title='bbox 410 1955 551 2036; x_wconf 87' lang='lat' dir='ltr'>pericula</span> <span class='ocrx_word' id='word_1_124' title='bbox 580 1955 793 2037; x_wconf 81' lang='lat' dir='ltr'>suscepimus,</span> <span class='ocrx_word' id='word_1_125' title='bbox 828 1958 863 2017; x_wconf 91' lang='lat' dir='ltr'>ut</span> <span class='ocrx_word' id='word_1_126' title='bbox 892 1957 998 2017; x_wconf 83' lang='lat' dir='ltr'>vestra</span> <span class='ocrx_word' id='word_1_127' title='bbox 1028 1953 1116 2017; x_wconf 84' lang='lat' dir='ltr'>vobis</span> <span class='ocrx_word' id='word_1_128' title='bbox 1145 1954 1285 2038; x_wconf 81' lang='lat' dir='ltr'>dignitus</span> 
     </span>
     <span class='ocr_line' id='line_1_17' title="bbox 138 2057 1285 2141; baseline 0 -19"><span class='ocrx_word' id='word_1_129' title='bbox 138 2061 305 2122; x_wconf 86' lang='lat' dir='ltr'>constaret.</span> <span class='ocrx_word' id='word_1_130' title='bbox 341 2057 374 2123; x_wconf 85' lang='lat' dir='ltr'>Si</span> <span class='ocrx_word' id='word_1_131' title='bbox 397 2062 463 2123; x_wconf 89' lang='lat' dir='ltr'>tam</span> <span class='ocrx_word' id='word_1_132' title='bbox 486 2060 595 2123; x_wconf 89' lang='lat' dir='ltr'>essetis</span> <span class='ocrx_word' id='word_1_133' title='bbox 619 2064 738 2136; x_wconf 91' lang='lat' dir='ltr'>tenues,</span> <span class='ocrx_word' id='word_1_134' title='bbox 761 2080 856 2141; x_wconf 86' lang='lat' dir='ltr'>quem</span> <span class='ocrx_word' id='word_1_135' title='bbox 880 2058 1049 2141; x_wconf 89' lang='lat' dir='ltr'>aliquando</span> <span class='ocrx_word' id='word_1_136' title='bbox 1072 2058 1188 2135; x_wconf 88' lang='lat' dir='ltr'>fuistis,</span> <span class='ocrx_word' id='word_1_137' title='bbox 1213 2059 1285 2122; x_wconf 91' lang='lat' dir='ltr'>nul-</span> 
     </span>
    </p>
   </div>
   <div class='ocr_carea' id='block_1_3' title="bbox 136 2162 1283 2322">
    <p class='ocr_par' dir='ltr' id='par_1_5' title="bbox 136 2162 1283 2322">
     <span class='ocr_line' id='line_1_18' title="bbox 136 2162 1283 2241; baseline 0.003 -16"><span class='ocrx_word' id='word_1_138' title='bbox 136 2162 202 2226; x_wconf 92' lang='lat' dir='ltr'>lum</span> <span class='ocrx_word' id='word_1_139' title='bbox 225 2168 307 2226; x_wconf 90' lang='lat' dir='ltr'>essct</span> <span class='ocrx_word' id='word_1_140' title='bbox 329 2164 413 2226; x_wconf 89' lang='lat' dir='ltr'>inter</span> <span class='ocrx_word' id='word_1_141' title='bbox 437 2186 494 2228; x_wconf 91' lang='lat' dir='ltr'>nos</span> <span class='ocrx_word' id='word_1_142' title='bbox 526 2168 630 2228; x_wconf 89' lang='lat' dir='ltr'>ortum</span> <span class='ocrx_word' id='word_1_143' title='bbox 662 2164 744 2227; x_wconf 88' lang='lat' dir='ltr'>haud</span> <span class='ocrx_word' id='word_1_144' title='bbox 777 2164 871 2226; x_wconf 90' lang='lat' dir='ltr'>dubie</span> <span class='ocrx_word' id='word_1_145' title='bbox 904 2164 1077 2228; x_wconf 90' lang='lat' dir='ltr'>dissidium.</span> <span class='ocrx_word' id='word_1_146' title='bbox 1123 2163 1176 2226; x_wconf 84' lang='lat' dir='ltr'>An</span> <span class='ocrx_word' id='word_1_147' title='bbox 1200 2185 1283 2241; x_wconf 84' lang='lat' dir='ltr'>veru,</span> 
     </span>
     <span class='ocr_line' id='line_1_19' title="bbox 704 2285 721 2322; baseline 0 0"><span class='ocrx_word' id='word_1_148' title='bbox 704 2285 721 2322; x_wconf 61' lang='lat' dir='ltr'>‘l‘</span> 
     </span>
    </p>
   </div>
   <div class='ocr_carea' id='block_1_4' title="bbox 132 2364 1284 3186">
    <p class='ocr_par' dir='ltr' id='par_1_6' title="bbox 136 2364 1284 2748">
     <span class='ocr_line' id='line_1_20' title="bbox 137 2364 1284 2456; baseline 0.003 -24"><span class='ocrx_word' id='word_1_149' title='bbox 137 2368 195 2432; x_wconf 81' lang='lat' dir='ltr'>Eid</span> <span class='ocrx_word' id='word_1_150' title='bbox 220 2371 448 2452; x_wconf 87' lang='lat' dir='ltr'>(juramentum</span> <span class='ocrx_word' id='word_1_151' title='bbox 470 2364 717 2456; x_wconf 85' lang='lat' dir='ltr'>fideli[3l]tatis,</span> <span class='ocrx_word' id='word_1_152' title='bbox 741 2374 815 2438; x_wconf 90' lang='lat' dir='ltr'>oder</span> <span class='ocrx_word' id='word_1_153' title='bbox 835 2372 1006 2452; x_wconf 83' lang='lat' dir='ltr'>Leheneid)</span> <span class='ocrx_word' id='word_1_154' title='bbox 1030 2373 1080 2435; x_wconf 92' lang='lat' dir='ltr'>die</span> <span class='ocrx_word' id='word_1_155' title='bbox 1095 2371 1205 2436; x_wconf 88' lang='lat' dir='ltr'>Keiser</span> <span class='ocrx_word' id='word_1_156' title='bbox 1229 2372 1284 2436; x_wconf 82' lang='lat' dir='ltr'>da-</span> 
     </span>
     <span class='ocr_line' id='line_1_21' title="bbox 137 2475 1284 2560; baseline 0.002 -24"><span class='ocrx_word' id='word_1_157' title='bbox 137 2475 197 2536; x_wconf 88' lang='lat' dir='ltr'>mit</span> <span class='ocrx_word' id='word_1_158' title='bbox 219 2479 256 2538; x_wconf 76' lang='lat' dir='ltr'>ab</span> <span class='ocrx_word' id='word_1_159' title='bbox 279 2477 504 2558; x_wconf 81' lang='lat' dir='ltr'>verpflichten,</span> <span class='ocrx_word' id='word_1_160' title='bbox 539 2477 672 2541; x_wconf 88' lang='lat' dir='ltr'>welches</span> <span class='ocrx_word' id='word_1_161' title='bbox 695 2479 803 2541; x_wconf 87' lang='lat' dir='ltr'>seinen</span> <span class='ocrx_word' id='word_1_162' title='bbox 827 2497 988 2560; x_wconf 85' lang='lat' dir='ltr'>ursprung</span> <span class='ocrx_word' id='word_1_163' title='bbox 1011 2476 1107 2539; x_wconf 84' lang='lat' dir='ltr'>daher</span> <span class='ocrx_word' id='word_1_164' title='bbox 1129 2496 1284 2559; x_wconf 85' lang='lat' dir='ltr'>genomen</span> 
     </span>
     <span class='ocr_line' id='line_1_22' title="bbox 136 2579 1280 2666; baseline -0.001 -23"><span class='ocrx_word' id='word_1_165' title='bbox 136 2579 202 2656; x_wconf 86' lang='lat' dir='ltr'>hat,</span> <span class='ocrx_word' id='word_1_166' title='bbox 226 2580 280 2642; x_wconf 85' lang='lat' dir='ltr'>dns</span> <span class='ocrx_word' id='word_1_167' title='bbox 303 2580 349 2644; x_wconf 89' lang='lat' dir='ltr'>sie</span> <span class='ocrx_word' id='word_1_168' title='bbox 371 2580 452 2645; x_wconf 91' lang='lat' dir='ltr'>nach</span> <span class='ocrx_word' id='word_1_169' title='bbox 475 2582 544 2645; x_wconf 91' lang='lat' dir='ltr'>dem</span> <span class='ocrx_word' id='word_1_170' title='bbox 568 2581 680 2646; x_wconf 80' lang='lat' dir='ltr'>Oarolo</span> <span class='ocrx_word' id='word_1_171' title='bbox 700 2582 829 2666; x_wconf 85' lang='lat' dir='ltr'>Magno,</span> <span class='ocrx_word' id='word_1_172' title='bbox 854 2581 904 2644; x_wconf 86' lang='lat' dir='ltr'>die</span> <span class='ocrx_word' id='word_1_173' title='bbox 921 2579 1029 2644; x_wconf 91' lang='lat' dir='ltr'>Keiser</span> <span class='ocrx_word' id='word_1_174' title='bbox 1052 2581 1194 2644; x_wconf 86' lang='lat' dir='ltr'>salbeten</span> <span class='ocrx_word' id='word_1_175' title='bbox 1216 2579 1280 2643; x_wconf 90' lang='lat' dir='ltr'>und</span> 
     </span>
     <span class='ocr_line' id='line_1_23' title="bbox 136 2685 357 2748; baseline 0 0"><span class='ocrx_word' id='word_1_176' title='bbox 136 2685 357 2748; x_wconf 87' lang='lat' dir='ltr'>conseorirten.</span> 
     </span>
    </p>

    <p class='ocr_par' dir='ltr' id='par_1_7' title="bbox 132 2788 1282 3186">
     <span class='ocr_line' id='line_1_24' title="bbox 223 2788 1281 2875; baseline 0 -23"><span class='ocrx_word' id='word_1_177' title='bbox 223 2788 291 2853; x_wconf 90' lang='lat' dir='ltr'>Den</span> <span class='ocrx_word' id='word_1_178' title='bbox 308 2789 367 2853; x_wconf 85' lang='lat' dir='ltr'>Eid</span> <span class='ocrx_word' id='word_1_179' title='bbox 382 2791 485 2855; x_wconf 87' lang='lat' dir='ltr'>haben</span> <span class='ocrx_word' id='word_1_180' title='bbox 501 2792 551 2855; x_wconf 92' lang='lat' dir='ltr'>die</span> <span class='ocrx_word' id='word_1_181' title='bbox 566 2791 677 2855; x_wconf 89' lang='lat' dir='ltr'>Keiser</span> <span class='ocrx_word' id='word_1_182' title='bbox 700 2812 758 2875; x_wconf 83' lang='lat' dir='ltr'>gar</span> <span class='ocrx_word' id='word_1_183' title='bbox 781 2791 1021 2874; x_wconf 83' lang='lat' dir='ltr'>abgeschlngen,</span> <span class='ocrx_word' id='word_1_184' title='bbox 1045 2790 1137 2853; x_wconf 91' lang='lat' dir='ltr'>Denn</span> <span class='ocrx_word' id='word_1_185' title='bbox 1161 2811 1195 2852; x_wconf 90' lang='lat' dir='ltr'>es</span> <span class='ocrx_word' id='word_1_186' title='bbox 1218 2810 1281 2853; x_wconf 85' lang='lat' dir='ltr'>wer</span> 
     </span>
     <span class='ocr_line' id='line_1_25' title="bbox 132 2893 1279 2985; baseline 0 -29"><span class='ocrx_word' id='word_1_187' title='bbox 132 2893 166 2974; x_wconf 83' lang='lat' dir='ltr'>ja</span> <span class='ocrx_word' id='word_1_188' title='bbox 188 2894 301 2958; x_wconf 87' lang='lat' dir='ltr'>selzam</span> <span class='ocrx_word' id='word_1_189' title='bbox 325 2899 361 2958; x_wconf 81' lang='lat' dir='ltr'>zd</span> <span class='ocrx_word' id='word_1_190' title='bbox 386 2895 493 2973; x_wconf 77' lang='lat' dir='ltr'>hbren,</span> <span class='ocrx_word' id='word_1_191' title='bbox 522 2919 596 2959; x_wconf 88' lang='lat' dir='ltr'>man</span> <span class='ocrx_word' id='word_1_192' title='bbox 621 2897 724 2959; x_wconf 79' lang='lat' dir='ltr'>wflrds</span> <span class='ocrx_word' id='word_1_193' title='bbox 747 2896 827 2958; x_wconf 81' lang='lat' dir='ltr'>auch</span> <span class='ocrx_word' id='word_1_194' title='bbox 850 2895 976 2985; x_wconf 79' lang='lat' dir='ltr'>heutigs</span> <span class='ocrx_word' id='word_1_195' title='bbox 998 2899 1071 2979; x_wconf 84' lang='lat' dir='ltr'>tags</span> <span class='ocrx_word' id='word_1_196' title='bbox 1094 2894 1144 2957; x_wconf 92' lang='lat' dir='ltr'>nit</span> <span class='ocrx_word' id='word_1_197' title='bbox 1167 2893 1279 2957; x_wconf 80' lang='lat' dir='ltr'>wbllen</span> 
     </span>
     <span class='ocr_line' id='line_1_26' title="bbox 136 2998 1281 3081; baseline 0 -21"><span class='ocrx_word' id='word_1_198' title='bbox 136 2998 293 3076; x_wconf 87' lang='lat' dir='ltr'>verstehn,</span> <span class='ocrx_word' id='word_1_199' title='bbox 317 3000 467 3077; x_wconf 77' lang='lat' dir='ltr'>ntimlich,</span> <span class='ocrx_word' id='word_1_200' title='bbox 491 3000 546 3064; x_wconf 90' lang='lat' dir='ltr'>das</span> <span class='ocrx_word' id='word_1_201' title='bbox 562 3000 612 3064; x_wconf 90' lang='lat' dir='ltr'>ich</span> <span class='ocrx_word' id='word_1_202' title='bbox 629 2999 699 3062; x_wconf 91' lang='lat' dir='ltr'>dem</span> <span class='ocrx_word' id='word_1_203' title='bbox 712 2999 840 3081; x_wconf 86' lang='lat' dir='ltr'>jhenen,</span> <span class='ocrx_word' id='word_1_204' title='bbox 857 2999 912 3062; x_wconf 89' lang='lat' dir='ltr'>der</span> <span class='ocrx_word' id='word_1_205' title='bbox 927 2999 1041 3063; x_wconf 85' lang='lat' dir='ltr'>vorhin</span> <span class='ocrx_word' id='word_1_206' title='bbox 1056 2998 1122 3062; x_wconf 93' lang='lat' dir='ltr'>und</span> <span class='ocrx_word' id='word_1_207' title='bbox 1136 2998 1281 3074; x_wconf 88' lang='lat' dir='ltr'>newlioh,</span> 
     </span>
     <span class='ocr_line' id='line_1_27' title="bbox 135 3101 1282 3186; baseline 0.003 -25"><span class='ocrx_word' id='word_1_208' title='bbox 135 3101 236 3163; x_wconf 89' lang='lat' dir='ltr'>seiues</span> <span class='ocrx_word' id='word_1_209' title='bbox 259 3101 602 3186; x_wconf 82' lang='lat' dir='ltr'>Amptsbestetigung</span> <span class='ocrx_word' id='word_1_210' title='bbox 624 3125 686 3167; x_wconf 87' lang='lat' dir='ltr'>von</span> <span class='ocrx_word' id='word_1_211' title='bbox 708 3103 770 3166; x_wconf 86' lang='lat' dir='ltr'>mir</span> <span class='ocrx_word' id='word_1_212' title='bbox 801 3101 970 3186; x_wconf 87' lang='lat' dir='ltr'>empfahen</span> <span class='ocrx_word' id='word_1_213' title='bbox 1000 3106 1106 3178; x_wconf 74' lang='lat' dir='ltr'>must,</span> <span class='ocrx_word' id='word_1_214' title='bbox 1143 3101 1204 3165; x_wconf 80' lang='lat' dir='ltr'>ieta</span> <span class='ocrx_word' id='word_1_215' title='bbox 1235 3103 1282 3165; x_wconf 87' lang='lat' dir='ltr'>als</span> 
     </span>
    </p>
   </div>
   <div class='ocr_carea' id='block_1_5' title="bbox 136 3203 1326 3373">
    <p class='ocr_par' dir='ltr' id='par_1_8' title="bbox 136 3203 1326 3373">
     <span class='ocr_line' id='line_1_28' title="bbox 136 3203 1326 3290; baseline 0.003 -25"><span class='ocrx_word' id='word_1_216' title='bbox 136 3203 272 3266; x_wconf 86' lang='lat' dir='ltr'>moinem</span> <span class='ocrx_word' id='word_1_217' title='bbox 293 3205 503 3270; x_wconf 88' lang='lat' dir='ltr'>lehcnherren</span> <span class='ocrx_word' id='word_1_218' title='bbox 525 3207 697 3284; x_wconf 87' lang='lat' dir='ltr'>schweren,</span> <span class='ocrx_word' id='word_1_219' title='bbox 720 3207 785 3270; x_wconf 93' lang='lat' dir='ltr'>und</span> <span class='ocrx_word' id='word_1_220' title='bbox 809 3228 849 3269; x_wconf 93' lang='lat' dir='ltr'>on</span> <span class='ocrx_word' id='word_1_221' title='bbox 870 3207 932 3270; x_wconf 86' lang='lat' dir='ltr'>alle</span> <span class='ocrx_word' id='word_1_222' title='bbox 947 3205 1144 3290; x_wconf 86' lang='lat' dir='ltr'>vorgehende</span> <span class='ocrx_word' id='word_1_223' title='bbox 1160 3205 1281 3282; x_wconf 87' lang='lat' dir='ltr'>ursach,</span> <span class='ocrx_word' id='word_1_224' title='bbox 1325 3265 1326 3268; x_wconf 74' lang='grc'>,</span> 
     </span>
     <span class='ocr_line' id='line_1_29' title="bbox 137 3306 467 3373; baseline 0.009 -5"><span class='ocrx_word' id='word_1_225' title='bbox 137 3306 195 3368; x_wconf 89' lang='lat' dir='ltr'>den</span> <span class='ocrx_word' id='word_1_226' title='bbox 220 3308 268 3370; x_wconf 91' lang='lat' dir='ltr'>eid</span> <span class='ocrx_word' id='word_1_227' title='bbox 292 3308 373 3371; x_wconf 84' lang='lat' dir='ltr'>thun</span> <span class='ocrx_word' id='word_1_228' title='bbox 396 3311 467 3373; x_wconf 91' lang='lat' dir='ltr'>solt.</span> 
     </span>
    </p>
   </div>
   <div class='ocr_carea' id='block_1_6' title="bbox 134 3408 1283 4020">
    <p class='ocr_par' dir='ltr' id='par_1_9' title="bbox 134 3408 1283 4020">
     <span class='ocr_line' id='line_1_30' title="bbox 136 3408 1281 3499; baseline 0.005 -27"><span class='ocrx_word' id='word_1_229' title='bbox 136 3408 227 3473; x_wconf 89' lang='lat' dir='ltr'>Denu</span> <span class='ocrx_word' id='word_1_230' title='bbox 250 3412 391 3475; x_wconf 86' lang='lat' dir='ltr'>warumb</span> <span class='ocrx_word' id='word_1_231' title='bbox 414 3413 497 3475; x_wconf 86' lang='lat' dir='ltr'>mein</span> <span class='ocrx_word' id='word_1_232' title='bbox 520 3414 617 3476; x_wconf 86' lang='lat' dir='ltr'>lieber</span> <span class='ocrx_word' id='word_1_233' title='bbox 640 3413 713 3477; x_wconf 91' lang='lat' dir='ltr'>herr</span> <span class='ocrx_word' id='word_1_234' title='bbox 736 3414 846 3496; x_wconf 87' lang='lat' dir='ltr'>Bapst‚</span> <span class='ocrx_word' id='word_1_235' title='bbox 871 3414 947 3477; x_wconf 81' lang='lat' dir='ltr'>wolt</span> <span class='ocrx_word' id='word_1_236' title='bbox 969 3413 997 3477; x_wconf 91' lang='lat' dir='ltr'>ir</span> <span class='ocrx_word' id='word_1_237' title='bbox 1019 3415 1085 3477; x_wconf 90' lang='lat' dir='ltr'>dise</span> <span class='ocrx_word' id='word_1_238' title='bbox 1108 3436 1281 3499; x_wconf 83' lang='lat' dir='ltr'>newerung</span> 
     </span>
     <span class='ocr_line' id='line_1_31' title="bbox 135 3512 1283 3599; baseline 0.003 -21"><span class='ocrx_word' id='word_1_239' title='bbox 135 3512 300 3580; x_wconf 74' lang='lat' dir='ltr'>einfdren?</span> <span class='ocrx_word' id='word_1_240' title='bbox 346 3515 434 3580; x_wconf 85' lang='lat' dir='ltr'>Habt</span> <span class='ocrx_word' id='word_1_241' title='bbox 456 3518 484 3579; x_wconf 92' lang='lat' dir='ltr'>ir</span> <span class='ocrx_word' id='word_1_242' title='bbox 507 3518 584 3581; x_wconf 76' lang='lat' dir='ltr'>danii</span> <span class='ocrx_word' id='word_1_243' title='bbox 614 3517 792 3599; x_wconf 81' lang='lat' dir='ltr'>geholffen,</span> <span class='ocrx_word' id='word_1_244' title='bbox 829 3518 883 3580; x_wconf 86' lang='lat' dir='ltr'>das</span> <span class='ocrx_word' id='word_1_245' title='bbox 913 3519 963 3581; x_wconf 90' lang='lat' dir='ltr'>die</span> <span class='ocrx_word' id='word_1_246' title='bbox 987 3518 1070 3582; x_wconf 83' lang='lat' dir='ltr'>wohl</span> <span class='ocrx_word' id='word_1_247' title='bbox 1094 3519 1157 3581; x_wconf 90' lang='lat' dir='ltr'>und</span> <span class='ocrx_word' id='word_1_248' title='bbox 1181 3518 1283 3582; x_wconf 76' lang='lat' dir='ltr'>chur-</span> 
     </span>
     <span class='ocr_line' id='line_1_32' title="bbox 135 3621 1283 3705; baseline 0.003 -21"><span class='ocrx_word' id='word_1_249' title='bbox 135 3621 374 3705; x_wconf 83' lang='lat' dir='ltr'>gerechtigheit,</span> <span class='ocrx_word' id='word_1_250' title='bbox 399 3645 439 3686; x_wconf 87' lang='lat' dir='ltr'>an</span> <span class='ocrx_word' id='word_1_251' title='bbox 462 3645 573 3686; x_wconf 91' lang='lat' dir='ltr'>unsere</span> <span class='ocrx_word' id='word_1_252' title='bbox 597 3622 715 3687; x_wconf 88' lang='lat' dir='ltr'>Nation</span> <span class='ocrx_word' id='word_1_253' title='bbox 739 3624 854 3686; x_wconf 85' lang='lat' dir='ltr'>komen</span> <span class='ocrx_word' id='word_1_254' title='bbox 877 3625 929 3699; x_wconf 83' lang='lat' dir='ltr'>ist,</span> <span class='ocrx_word' id='word_1_255' title='bbox 952 3645 987 3687; x_wconf 89' lang='lat' dir='ltr'>so</span> <span class='ocrx_word' id='word_1_256' title='bbox 1009 3623 1112 3687; x_wconf 90' lang='lat' dir='ltr'>haben</span> <span class='ocrx_word' id='word_1_257' title='bbox 1136 3625 1195 3687; x_wconf 91' lang='lat' dir='ltr'>wir</span> <span class='ocrx_word' id='word_1_258' title='bbox 1218 3624 1283 3687; x_wconf 91' lang='lat' dir='ltr'>und</span> 
     </span>
     <span class='ocr_line' id='line_1_33' title="bbox 134 3726 1283 3811; baseline 0.003 -24"><span class='ocrx_word' id='word_1_259' title='bbox 134 3746 246 3789; x_wconf 88' lang='lat' dir='ltr'>unsere</span> <span class='ocrx_word' id='word_1_260' title='bbox 268 3726 426 3790; x_wconf 82' lang='lat' dir='ltr'>vorelteru</span> <span class='ocrx_word' id='word_1_261' title='bbox 450 3727 529 3790; x_wconf 90' lang='lat' dir='ltr'>ench</span> <span class='ocrx_word' id='word_1_262' title='bbox 547 3728 720 3790; x_wconf 86' lang='lat' dir='ltr'>widerumb</span> <span class='ocrx_word' id='word_1_263' title='bbox 744 3727 911 3811; x_wconf 84' lang='lat' dir='ltr'>geholffen,</span> <span class='ocrx_word' id='word_1_264' title='bbox 937 3728 991 3791; x_wconf 86' lang='lat' dir='ltr'>das</span> <span class='ocrx_word' id='word_1_265' title='bbox 1014 3728 1043 3790; x_wconf 90' lang='lat' dir='ltr'>ir</span> <span class='ocrx_word' id='word_1_266' title='bbox 1067 3727 1172 3791; x_wconf 91' lang='lat' dir='ltr'>solche</span> <span class='ocrx_word' id='word_1_267' title='bbox 1188 3728 1283 3791; x_wconf 89' lang='lat' dir='ltr'>weid-</span> 
     </span>
     <span class='ocr_line' id='line_1_34' title="bbox 134 3825 1282 3916; baseline 0.002 -24"><span class='ocrx_word' id='word_1_268' title='bbox 134 3829 216 3893; x_wconf 88' lang='lat' dir='ltr'>liche</span> <span class='ocrx_word' id='word_1_269' title='bbox 239 3825 333 3914; x_wconf 79' lang='lat' dir='ltr'>gdter</span> <span class='ocrx_word' id='word_1_270' title='bbox 356 3831 506 3909; x_wconf 85' lang='lat' dir='ltr'>besitzet,</span> <span class='ocrx_word' id='word_1_271' title='bbox 542 3833 596 3894; x_wconf 87' lang='lat' dir='ltr'>das</span> <span class='ocrx_word' id='word_1_272' title='bbox 628 3832 657 3893; x_wconf 92' lang='lat' dir='ltr'>ir</span> <span class='ocrx_word' id='word_1_273' title='bbox 687 3833 762 3895; x_wconf 84' lang='lat' dir='ltr'>land</span> <span class='ocrx_word' id='word_1_274' title='bbox 791 3833 855 3895; x_wconf 91' lang='lat' dir='ltr'>und</span> <span class='ocrx_word' id='word_1_275' title='bbox 879 3832 946 3894; x_wconf 89' lang='lat' dir='ltr'>lent</span> <span class='ocrx_word' id='word_1_276' title='bbox 967 3836 1006 3895; x_wconf 83' lang='lat' dir='ltr'>ud</span> <span class='ocrx_word' id='word_1_277' title='bbox 1027 3832 1171 3916; x_wconf 85' lang='lat' dir='ltr'>regieren</span> <span class='ocrx_word' id='word_1_278' title='bbox 1193 3830 1282 3908; x_wconf 86' lang='lat' dir='ltr'>habt,</span> 
     </span>
     <span class='ocr_line' id='line_1_35' title="bbox 134 3933 1283 4020; baseline -0.002 -21"><span class='ocrx_word' id='word_1_279' title='bbox 134 3933 191 4012; x_wconf 82' lang='lat' dir='ltr'>de,</span> <span class='ocrx_word' id='word_1_280' title='bbox 222 3935 279 3997; x_wconf 89' lang='lat' dir='ltr'>wir</span> <span class='ocrx_word' id='word_1_281' title='bbox 302 3936 366 3998; x_wconf 92' lang='lat' dir='ltr'>und</span> <span class='ocrx_word' id='word_1_282' title='bbox 389 3958 502 3998; x_wconf 90' lang='lat' dir='ltr'>unsere</span> <span class='ocrx_word' id='word_1_283' title='bbox 524 3936 688 4009; x_wconf 79' lang='lat' dir='ltr'>vorlaren,</span> <span class='ocrx_word' id='word_1_284' title='bbox 722 3935 826 3998; x_wconf 85' lang='lat' dir='ltr'>haben</span> <span class='ocrx_word' id='word_1_285' title='bbox 849 3936 927 3999; x_wconf 90' lang='lat' dir='ltr'>euch</span> <span class='ocrx_word' id='word_1_286' title='bbox 950 3936 983 3999; x_wconf 92' lang='lat' dir='ltr'>in</span> <span class='ocrx_word' id='word_1_287' title='bbox 1008 3958 1128 4000; x_wconf 87' lang='lat' dir='ltr'>eweren</span> <span class='ocrx_word' id='word_1_288' title='bbox 1151 3957 1283 4020; x_wconf 85' lang='lat' dir='ltr'>grossen</span> 
     </span>
    </p>
   </div>
   <div class='ocr_carea' id='block_1_7' title="bbox 133 4039 1283 4439">
    <p class='ocr_par' dir='ltr' id='par_1_10' title="bbox 133 4039 1283 4439">
     <span class='ocr_line' id='line_1_36' title="bbox 134 4039 1281 4124; baseline 0.001 -24"><span class='ocrx_word' id='word_1_289' title='bbox 134 4043 231 4102; x_wconf 85' lang='lat' dir='ltr'>n&#39;dten</span> <span class='ocrx_word' id='word_1_290' title='bbox 254 4042 404 4116; x_wconf 89' lang='lat' dir='ltr'>errettet,</span> <span class='ocrx_word' id='word_1_291' title='bbox 431 4039 533 4103; x_wconf 84' lang='lat' dir='ltr'>haben</span> <span class='ocrx_word' id='word_1_292' title='bbox 558 4040 725 4124; x_wconf 79' lang='lat' dir='ltr'>gemacht,</span> <span class='ocrx_word' id='word_1_293' title='bbox 758 4041 813 4103; x_wconf 85' lang='lat' dir='ltr'>das</span> <span class='ocrx_word' id='word_1_294' title='bbox 836 4041 865 4103; x_wconf 90' lang='lat' dir='ltr'>ir</span> <span class='ocrx_word' id='word_1_295' title='bbox 886 4041 939 4103; x_wconf 90' lang='lat' dir='ltr'>des</span> <span class='ocrx_word' id='word_1_296' title='bbox 962 4040 1053 4104; x_wconf 90' lang='lat' dir='ltr'>lands</span> <span class='ocrx_word' id='word_1_297' title='bbox 1076 4063 1137 4105; x_wconf 88' lang='lat' dir='ltr'>von</span> <span class='ocrx_word' id='word_1_298' title='bbox 1161 4061 1281 4104; x_wconf 87' lang='lat' dir='ltr'>eweren</span> 
     </span>
     <span class='ocr_line' id='line_1_37' title="bbox 133 4142 1279 4227; baseline 0.002 -22"><span class='ocrx_word' id='word_1_299' title='bbox 133 4142 261 4207; x_wconf 90' lang='lat' dir='ltr'>feinden</span> <span class='ocrx_word' id='word_1_300' title='bbox 283 4144 333 4205; x_wconf 91' lang='lat' dir='ltr'>nit</span> <span class='ocrx_word' id='word_1_301' title='bbox 354 4143 477 4227; x_wconf 83' lang='lat' dir='ltr'>verjagt</span> <span class='ocrx_word' id='word_1_302' title='bbox 499 4145 578 4207; x_wconf 91' lang='lat' dir='ltr'>sind.</span> <span class='ocrx_word' id='word_1_303' title='bbox 609 4143 716 4207; x_wconf 90' lang='lat' dir='ltr'>Wenn</span> <span class='ocrx_word' id='word_1_304' title='bbox 740 4144 769 4207; x_wconf 90' lang='lat' dir='ltr'>ir</span> <span class='ocrx_word' id='word_1_305' title='bbox 784 4144 865 4208; x_wconf 90' lang='lat' dir='ltr'>noch</span> <span class='ocrx_word' id='word_1_306' title='bbox 881 4166 968 4208; x_wconf 88' lang='lat' dir='ltr'>arme</span> <span class='ocrx_word' id='word_1_307' title='bbox 983 4143 1130 4223; x_wconf 78' lang='lat' dir='ltr'>Bischbfe</span> <span class='ocrx_word' id='word_1_308' title='bbox 1145 4143 1279 4220; x_wconf 89' lang='lat' dir='ltr'>werend,</span> 
     </span>
     <span class='ocr_line' id='line_1_38' title="bbox 133 4246 1280 4323; baseline 0 -13"><span class='ocrx_word' id='word_1_309' title='bbox 133 4246 193 4310; x_wconf 87' lang='lat' dir='ltr'>wie</span> <span class='ocrx_word' id='word_1_310' title='bbox 215 4247 347 4323; x_wconf 87' lang='lat' dir='ltr'>vorhin,</span> <span class='ocrx_word' id='word_1_311' title='bbox 382 4269 417 4311; x_wconf 87' lang='lat' dir='ltr'>so</span> <span class='ocrx_word' id='word_1_312' title='bbox 446 4248 591 4311; x_wconf 80' lang='lat' dir='ltr'>wttrdent</span> <span class='ocrx_word' id='word_1_313' title='bbox 620 4248 648 4310; x_wconf 93' lang='lat' dir='ltr'>ir</span> <span class='ocrx_word' id='word_1_314' title='bbox 679 4269 738 4311; x_wconf 92' lang='lat' dir='ltr'>uns</span> <span class='ocrx_word' id='word_1_315' title='bbox 771 4248 899 4312; x_wconf 88' lang='lat' dir='ltr'>frcilioh</span> <span class='ocrx_word' id='word_1_316' title='bbox 920 4270 1142 4313; x_wconf 87' lang='lat' dir='ltr'>unverwcrren</span> <span class='ocrx_word' id='word_1_317' title='bbox 1165 4249 1280 4312; x_wconf 87' lang='lat' dir='ltr'>lassen.</span> 
     </span>
     <span class='ocr_line' id='line_1_39' title="bbox 134 4332 1283 4439; baseline 0.004 -24"><span class='ocrx_word' id='word_1_318' title='bbox 134 4344 261 4415; x_wconf 74' lang='lat' dir='ltr'>Missen</span> <span class='ocrx_word' id='word_1_319' title='bbox 283 4350 341 4414; x_wconf 87' lang='lat' dir='ltr'>wir</span> <span class='ocrx_word' id='word_1_320' title='bbox 364 4351 448 4416; x_wconf 80' lang='lat' dir='ltr'>donn</span> <span class='ocrx_word' id='word_1_321' title='bbox 472 4351 525 4417; x_wconf 82' lang='lat' dir='ltr'>des</span> <span class='ocrx_word' id='word_1_322' title='bbox 547 4351 729 4439; x_wconf 81' lang='lat' dir='ltr'>eutgelten,</span> <span class='ocrx_word' id='word_1_323' title='bbox 761 4351 816 4417; x_wconf 87' lang='lat' dir='ltr'>das</span> <span class='ocrx_word' id='word_1_324' title='bbox 838 4372 951 4417; x_wconf 86' lang='lat' dir='ltr'>unsere</span> <span class='ocrx_word' id='word_1_325' title='bbox 974 4352 1120 4418; x_wconf 79' lang='lat' dir='ltr'>vorlaren</span> <span class='ocrx_word' id='word_1_326' title='bbox 1143 4332 1221 4417; x_wconf 90' lang='lat' dir='ltr'>euch</span> <span class='ocrx_word' id='word_1_327' title='bbox 1244 4356 1283 4420; x_wconf 79' lang='lat' dir='ltr'>ut</span> 
     </span>
    </p>
   </div>
   <div class='ocr_carea' id='block_1_8' title="bbox 0 0 1434 5054">
    <p class='ocr_par' dir='ltr' id='par_1_11' title="bbox 0 0 1434 5054">
     <span class='ocr_line' id='line_1_40' title="bbox 0 0 1434 5054; baseline 0 2"><span class='ocrx_word' id='word_1_328' title='bbox 0 0 1434 5054; x_wconf 95' lang='lat' dir='ltr'> </span> 
     </span>
    </p>
   </div>
  </div>
 </body>
</html>
