<?xml version="1.0" encoding="UTF-8"?>
<!DOCTYPE html PUBLIC "-//W3C//DTD XHTML 1.0 Transitional//EN"
    "http://www.w3.org/TR/xhtml1/DTD/xhtml1-transitional.dtd">
<html xmlns="http://www.w3.org/1999/xhtml" xml:lang="en" lang="en">
 <head>
  <title>
</title>
<meta http-equiv="Content-Type" content="text/html;charset=utf-8" />
  <meta name='ocr-system' content='tesseract 3.04.00' />
  <meta name='ocr-capabilities' content='ocr_page ocr_carea ocr_par ocr_line ocrx_word'/>
</head>
<body>
  <div class='ocr_page' id='page_1' title='image "./zweiredenankais01sleigoog_0098.png"; bbox 0 0 2858 5054; ppageno 0'>
   <div class='ocr_carea' id='block_1_1' title="bbox 693 349 735 411">
    <p class='ocr_par' dir='ltr' id='par_1_1' title="bbox 693 349 735 411">
     <span class='ocr_line' id='line_1_1' title="bbox 693 349 735 411; baseline 0.024 -1"><span class='ocrx_word' id='word_1_1' title='bbox 693 349 735 411; x_wconf 88' lang='lat'>88</span> 
     </span>
    </p>
   </div>
   <div class='ocr_carea' id='block_1_2' title="bbox 132 519 1292 4486">
    <p class='ocr_par' dir='ltr' id='par_1_2' title="bbox 132 519 1292 4486">
     <span class='ocr_line' id='line_1_2' title="bbox 134 519 1282 606; baseline 0 -20"><span class='ocrx_word' id='word_1_2' title='bbox 134 523 265 586; x_wconf 76' lang='lat' dir='ltr'>corum?</span> <span class='ocrx_word' id='word_1_3' title='bbox 289 519 328 584; x_wconf 93' lang='lat' dir='ltr'>In</span> <span class='ocrx_word' id='word_1_4' title='bbox 351 543 420 605; x_wconf 78' lang='lat' dir='ltr'>quaa</span> <span class='ocrx_word' id='word_1_5' title='bbox 443 521 571 605; x_wconf 89' lang='lat' dir='ltr'>quidem</span> <span class='ocrx_word' id='word_1_6' title='bbox 596 519 726 584; x_wconf 88' lang='lat' dir='ltr'>comitia</span> <span class='ocrx_word' id='word_1_7' title='bbox 749 542 821 584; x_wconf 84' lang='lat' dir='ltr'>cum</span> <span class='ocrx_word' id='word_1_8' title='bbox 844 525 948 584; x_wconf 88' lang='lat' dir='ltr'>essent</span> <span class='ocrx_word' id='word_1_9' title='bbox 971 521 1089 585; x_wconf 90' lang='lat' dir='ltr'>intenti</span> <span class='ocrx_word' id='word_1_10' title='bbox 1104 543 1203 606; x_wconf 83' lang='lat' dir='ltr'><strong>prope</strong></span> <span class='ocrx_word' id='word_1_11' title='bbox 1217 545 1282 586; x_wconf 92' lang='lat' dir='ltr'>om-</span> 
     </span>
     <span class='ocr_line' id='line_1_3' title="bbox 134 614 1283 704; baseline 0.001 -14"><span class='ocrx_word' id='word_1_12' title='bbox 134 649 189 691; x_wconf 87' lang='lat' dir='ltr'>nes</span> <span class='ocrx_word' id='word_1_13' title='bbox 211 626 365 704; x_wconf 89' lang='lat' dir='ltr'>homines,</span> <span class='ocrx_word' id='word_1_14' title='bbox 390 627 466 690; x_wconf 92' lang='lat' dir='ltr'>adeo</span> <span class='ocrx_word' id='word_1_15' title='bbox 489 624 573 689; x_wconf 87' lang='lat' dir='ltr'>nihil</span> <span class='ocrx_word' id='word_1_16' title='bbox 589 629 698 688; x_wconf 90' lang='lat' dir='ltr'>tamen</span> <span class='ocrx_word' id='word_1_17' title='bbox 714 624 777 688; x_wconf 87' lang='lat' dir='ltr'>fuit</span> <span class='ocrx_word' id='word_1_18' title='bbox 793 627 994 690; x_wconf 85' lang='lat' dir='ltr'>emendatum</span> <span class='ocrx_word' id='word_1_19' title='bbox 1010 626 1043 690; x_wconf 89' lang='lat' dir='ltr'>in</span> <span class='ocrx_word' id='word_1_20' title='bbox 1062 626 1113 704; x_wconf 88' lang='lat' dir='ltr'>iis,</span> <span class='ocrx_word' id='word_1_21' title='bbox 1136 630 1173 690; x_wconf 92' lang='lat' dir='ltr'>ut</span> <span class='ocrx_word' id='word_1_22' title='bbox 1187 614 1283 691; x_wconf 78' lang='lat' dir='ltr'>etiam</span> 
     </span>
     <span class='ocr_line' id='line_1_4' title="bbox 133 715 1283 817; baseline 0.003 -22"><span class='ocrx_word' id='word_1_23' title='bbox 133 732 199 810; x_wconf 89' lang='lat' dir='ltr'>illi,</span> <span class='ocrx_word' id='word_1_24' title='bbox 235 732 290 815; x_wconf 94' lang='lat' dir='ltr'>qui</span> <span class='ocrx_word' id='word_1_25' title='bbox 320 734 436 815; x_wconf 78' lang='lat' dir='ltr'>praeter</span> <span class='ocrx_word' id='word_1_26' title='bbox 464 730 528 794; x_wconf 82' lang='lat' dir='ltr'>vim</span> <span class='ocrx_word' id='word_1_27' title='bbox 562 734 594 794; x_wconf 93' lang='lat' dir='ltr'>et</span> <span class='ocrx_word' id='word_1_28' title='bbox 623 715 847 795; x_wconf 79' lang='lat' dir='ltr'>auctoritatem</span> <span class='ocrx_word' id='word_1_29' title='bbox 881 732 1052 796; x_wconf 87' lang='lat' dir='ltr'>humanam</span> <span class='ocrx_word' id='word_1_30' title='bbox 1080 732 1119 796; x_wconf 88' lang='lat' dir='ltr'>ad</span> <span class='ocrx_word' id='word_1_31' title='bbox 1143 733 1283 817; x_wconf 86' lang='lat' dir='ltr'>disputa·</span> 
     </span>
     <span class='ocr_line' id='line_1_5' title="bbox 133 835 1284 921; baseline 0 -20"><span class='ocrx_word' id='word_1_32' title='bbox 133 837 236 901; x_wconf 90' lang='lat' dir='ltr'>tiones</span> <span class='ocrx_word' id='word_1_33' title='bbox 259 836 343 900; x_wconf 87' lang='lat' dir='ltr'>nihil</span> <span class='ocrx_word' id='word_1_34' title='bbox 365 835 531 912; x_wconf 87' lang='lat' dir='ltr'>adferunt,</span> <span class='ocrx_word' id='word_1_35' title='bbox 556 835 650 900; x_wconf 89' lang='lat' dir='ltr'>initio</span> <span class='ocrx_word' id='word_1_36' title='bbox 673 835 782 899; x_wconf 90' lang='lat' dir='ltr'>statim</span> <span class='ocrx_word' id='word_1_37' title='bbox 806 835 1057 921; x_wconf 67' lang='lat' dir='ltr'>profiteJrentur,</span> <span class='ocrx_word' id='word_1_38' title='bbox 1088 858 1121 900; x_wconf 88' lang='lat' dir='ltr'>se</span> <span class='ocrx_word' id='word_1_39' title='bbox 1144 858 1210 900; x_wconf 89' lang='lat' dir='ltr'>non</span> <span class='ocrx_word' id='word_1_40' title='bbox 1233 838 1284 901; x_wconf 89' lang='lat' dir='ltr'>de·</span> 
     </span>
     <span class='ocr_line' id='line_1_6' title="bbox 133 940 1285 1025; baseline -0.001 -20"><span class='ocrx_word' id='word_1_41' title='bbox 133 942 266 1006; x_wconf 85' lang='lat' dir='ltr'>crevisse</span> <span class='ocrx_word' id='word_1_42' title='bbox 299 942 466 1025; x_wconf 86' lang='lat' dir='ltr'>quicquam</span> <span class='ocrx_word' id='word_1_43' title='bbox 499 940 579 1003; x_wconf 89' lang='lat' dir='ltr'>velle</span> <span class='ocrx_word' id='word_1_44' title='bbox 610 940 779 1003; x_wconf 88' lang='lat' dir='ltr'>immutare</span> <span class='ocrx_word' id='word_1_45' title='bbox 812 940 862 1003; x_wconf 83' lang='lat' dir='ltr'>vel</span> <span class='ocrx_word' id='word_1_46' title='bbox 884 943 1022 1003; x_wconf 75' lang='lat' dir='ltr'>statuere</span> <span class='ocrx_word' id='word_1_47' title='bbox 1045 941 1157 1018; x_wconf 87' lang='lat' dir='ltr'>aliter,</span> <span class='ocrx_word' id='word_1_48' title='bbox 1192 963 1285 1024; x_wconf 86' lang='lat' dir='ltr'>quam</span> 
     </span>
     <span class='ocr_line' id='line_1_7' title="bbox 132 1044 1285 1128; baseline 0 -19"><span class='ocrx_word' id='word_1_49' title='bbox 132 1046 286 1109; x_wconf 85' lang='lat' dir='ltr'>hactenus</span> <span class='ocrx_word' id='word_1_50' title='bbox 310 1045 467 1128; x_wconf 72' lang='lat' dir='ltr'>in&#39;regno</span> <span class='ocrx_word' id='word_1_51' title='bbox 489 1044 654 1127; x_wconf 79' lang='lat' dir='ltr'>pontificio</span> <span class='ocrx_word' id='word_1_52' title='bbox 677 1045 789 1108; x_wconf 80' lang='lat' dir='ltr'>fuisset</span> <span class='ocrx_word' id='word_1_53' title='bbox 815 1045 1024 1109; x_wconf 86' lang='lat' dir='ltr'>observatum.</span> <span class='ocrx_word' id='word_1_54' title='bbox 1064 1045 1156 1111; x_wconf 84' lang='lat' dir='ltr'>Hane</span> <span class='ocrx_word' id='word_1_55' title='bbox 1179 1067 1285 1111; x_wconf 77' lang='lat' dir='ltr'>vocem</span> 
     </span>
     <span class='ocr_line' id='line_1_8' title="bbox 134 1148 1285 1233; baseline -0.001 -19"><span class='ocrx_word' id='word_1_56' title='bbox 134 1155 201 1215; x_wconf 88' lang='lat' dir='ltr'>tam</span> <span class='ocrx_word' id='word_1_57' title='bbox 233 1148 400 1213; x_wconf 81' lang='lat' dir='ltr'><strong>absurdam</strong></span> <span class='ocrx_word' id='word_1_58' title='bbox 431 1152 463 1211; x_wconf 89' lang='lat' dir='ltr'>et</span> <span class='ocrx_word' id='word_1_59' title='bbox 490 1150 600 1213; x_wconf 85' lang='lat' dir='ltr'>duram</span> <span class='ocrx_word' id='word_1_60' title='bbox 625 1150 763 1232; x_wconf 83' lang='lat' dir='ltr'>adeoque</span> <span class='ocrx_word' id='word_1_61' title='bbox 786 1149 912 1213; x_wconf 90' lang='lat' dir='ltr'>tristem</span> <span class='ocrx_word' id='word_1_62' title='bbox 937 1153 968 1212; x_wconf 93' lang='lat' dir='ltr'>et</span> <span class='ocrx_word' id='word_1_63' title='bbox 990 1149 1117 1232; x_wconf 96' lang='lat' dir='ltr'>plenam</span> <span class='ocrx_word' id='word_1_64' title='bbox 1141 1149 1285 1233; x_wconf 88' lang='lat' dir='ltr'>despera·</span> 
     </span>
     <span class='ocr_line' id='line_1_9' title="bbox 135 1252 1286 1339; baseline -0.002 -20"><span class='ocrx_word' id='word_1_65' title='bbox 135 1256 233 1320; x_wconf 91' lang='lat' dir='ltr'>tionis</span> <span class='ocrx_word' id='word_1_66' title='bbox 255 1253 459 1337; x_wconf 90' lang='lat' dir='ltr'>protulerunt</span> <span class='ocrx_word' id='word_1_67' title='bbox 481 1254 525 1317; x_wconf 93' lang='lat' dir='ltr'>ibi</span> <span class='ocrx_word' id='word_1_68' title='bbox 549 1254 690 1339; x_wconf 80' lang='lat' dir='ltr'>theologi</span> <span class='ocrx_word' id='word_1_69' title='bbox 714 1260 746 1318; x_wconf 90' lang='lat' dir='ltr'>et</span> <span class='ocrx_word' id='word_1_70' title='bbox 766 1253 945 1338; x_wconf 89' lang='lat' dir='ltr'>jurisperiti</span> <span class='ocrx_word' id='word_1_71' title='bbox 967 1253 1073 1318; x_wconf 84' lang='lat' dir='ltr'>vestri.</span> <span class='ocrx_word' id='word_1_72' title='bbox 1121 1252 1156 1318; x_wconf 85' lang='lat' dir='ltr'>Si</span> <span class='ocrx_word' id='word_1_73' title='bbox 1172 1258 1286 1339; x_wconf 82' lang='lat' dir='ltr'>praeter</span> 
     </span>
     <span class='ocr_line' id='line_1_10' title="bbox 137 1358 1284 1444; baseline 0 -20"><span class='ocrx_word' id='word_1_74' title='bbox 137 1361 323 1424; x_wconf 85' lang='lat' dir='ltr'>mandatum</span> <span class='ocrx_word' id='word_1_75' title='bbox 345 1363 485 1423; x_wconf 87' lang='lat' dir='ltr'>vestrum</span> <span class='ocrx_word' id='word_1_76' title='bbox 508 1363 540 1423; x_wconf 91' lang='lat' dir='ltr'>et</span> <span class='ocrx_word' id='word_1_77' title='bbox 562 1383 619 1425; x_wconf 90' lang='lat' dir='ltr'>sua</span> <span class='ocrx_word' id='word_1_78' title='bbox 642 1360 778 1444; x_wconf 88' lang='lat' dir='ltr'>quadam</span> <span class='ocrx_word' id='word_1_79' title='bbox 802 1363 924 1443; x_wconf 87' lang='lat' dir='ltr'>sponte,</span> <span class='ocrx_word' id='word_1_80' title='bbox 949 1358 1118 1423; x_wconf 90' lang='lat' dir='ltr'>dolendum</span> <span class='ocrx_word' id='word_1_81' title='bbox 1134 1363 1182 1423; x_wconf 90' lang='lat' dir='ltr'>est</span> <span class='ocrx_word' id='word_1_82' title='bbox 1202 1382 1284 1439; x_wconf 88' lang='lat' dir='ltr'>sane,</span> 
     </span>
     <span class='ocr_line' id='line_1_11' title="bbox 136 1462 1285 1548; baseline 0.001 -19"><span class='ocrx_word' id='word_1_83' title='bbox 136 1469 264 1530; x_wconf 81' lang='lat' dir='ltr'>tantum</span> <span class='ocrx_word' id='word_1_84' title='bbox 287 1463 352 1527; x_wconf 92' lang='lat' dir='ltr'>illis</span> <span class='ocrx_word' id='word_1_85' title='bbox 376 1465 409 1526; x_wconf 91' lang='lat' dir='ltr'>in</span> <span class='ocrx_word' id='word_1_86' title='bbox 434 1487 467 1528; x_wconf 90' lang='lat' dir='ltr'>re</span> <span class='ocrx_word' id='word_1_87' title='bbox 491 1468 555 1528; x_wconf 90' lang='lat' dir='ltr'>tam</span> <span class='ocrx_word' id='word_1_88' title='bbox 572 1465 670 1528; x_wconf 88' lang='lat' dir='ltr'>ardua</span> <span class='ocrx_word' id='word_1_89' title='bbox 684 1465 834 1548; x_wconf 88' lang='lat' dir='ltr'>privatim</span> <span class='ocrx_word' id='word_1_90' title='bbox 851 1464 954 1528; x_wconf 84' lang='lat' dir='ltr'>licere.</span> <span class='ocrx_word' id='word_1_91' title='bbox 989 1462 1045 1528; x_wconf 78' lang='lat' dir='ltr'>Sin</span> <span class='ocrx_word' id='word_1_92' title='bbox 1062 1468 1167 1528; x_wconf 88' lang='lat' dir='ltr'>autern</span> <span class='ocrx_word' id='word_1_93' title='bbox 1183 1469 1285 1530; x_wconf 88' lang='lat' dir='ltr'>vestro</span> 
     </span>
     <span class='ocr_line' id='line_1_12' title="bbox 132 1568 1286 1654; baseline 0.001 -20"><span class='ocrx_word' id='word_1_94' title='bbox 132 1570 241 1654; x_wconf 85' lang='lat' dir='ltr'>jussu,</span> <span class='ocrx_word' id='word_1_95' title='bbox 265 1568 378 1632; x_wconf 84' lang='lat' dir='ltr'>videtis</span> <span class='ocrx_word' id='word_1_96' title='bbox 402 1568 463 1652; x_wconf 87' lang='lat' dir='ltr'>ipsi</span> <span class='ocrx_word' id='word_1_97' title='bbox 486 1571 681 1652; x_wconf 77' lang='lat' dir='ltr'>quantopere</span> <span class='ocrx_word' id='word_1_98' title='bbox 702 1571 822 1637; x_wconf 82' lang='lat' dir='ltr'>lautum</span> <span class='ocrx_word' id='word_1_99' title='bbox 845 1570 930 1633; x_wconf 89' lang='lat' dir='ltr'>istud</span> <span class='ocrx_word' id='word_1_100' title='bbox 954 1574 1092 1633; x_wconf 89' lang='lat' dir='ltr'>vestrum</span> <span class='ocrx_word' id='word_1_101' title='bbox 1115 1569 1286 1654; x_wconf 88' lang='lat' dir='ltr'>degenera-</span> 
     </span>
     <span class='ocr_line' id='line_1_13' title="bbox 135 1673 1286 1758; baseline 0 -19"><span class='ocrx_word' id='word_1_102' title='bbox 135 1676 179 1739; x_wconf 90' lang='lat' dir='ltr'>rit</span> <span class='ocrx_word' id='word_1_103' title='bbox 202 1674 242 1738; x_wconf 89' lang='lat' dir='ltr'>ab</span> <span class='ocrx_word' id='word_1_104' title='bbox 264 1673 321 1737; x_wconf 86' lang='lat' dir='ltr'>illa</span> <span class='ocrx_word' id='word_1_105' title='bbox 343 1673 556 1758; x_wconf 81' lang='lat' dir='ltr'>generositate</span> <span class='ocrx_word' id='word_1_106' title='bbox 579 1674 679 1738; x_wconf 90' lang='lat' dir='ltr'>animi</span> <span class='ocrx_word' id='word_1_107' title='bbox 701 1680 734 1739; x_wconf 89' lang='lat' dir='ltr'>et</span> <span class='ocrx_word' id='word_1_108' title='bbox 756 1674 942 1758; x_wconf 87' lang='lat' dir='ltr'>prudentia,</span> <span class='ocrx_word' id='word_1_109' title='bbox 976 1697 1071 1758; x_wconf 91' lang='lat' dir='ltr'>quam</span> <span class='ocrx_word' id='word_1_110' title='bbox 1093 1674 1286 1753; x_wconf 84' lang='lat' dir='ltr'>ostendistis,</span> 
     </span>
     <span class='ocr_line' id='line_1_14' title="bbox 136 1767 1287 1862; baseline 0.003 -21"><span class='ocrx_word' id='word_1_111' title='bbox 136 1801 198 1862; x_wconf 93' lang='lat' dir='ltr'>quo</span> <span class='ocrx_word' id='word_1_112' title='bbox 230 1767 371 1861; x_wconf 78' lang='lat' dir='ltr'>ternpore</span> <span class='ocrx_word' id='word_1_113' title='bbox 400 1783 432 1843; x_wconf 93' lang='lat' dir='ltr'>et</span> <span class='ocrx_word' id='word_1_114' title='bbox 466 1780 581 1843; x_wconf 88' lang='lat' dir='ltr'>abusus</span> <span class='ocrx_word' id='word_1_115' title='bbox 616 1780 688 1843; x_wconf 90' lang='lat' dir='ltr'>illos</span> <span class='ocrx_word' id='word_1_116' title='bbox 720 1779 954 1858; x_wconf 77' lang='lat' dir='ltr'>intolerabiles,</span> <span class='ocrx_word' id='word_1_117' title='bbox 984 1799 1115 1842; x_wconf 89' lang='lat' dir='ltr'>numero</span> <span class='ocrx_word' id='word_1_118' title='bbox 1149 1783 1287 1859; x_wconf 85' lang='lat' dir='ltr'>eentum,</span> 
     </span>
     <span class='ocr_line' id='line_1_15' title="bbox 138 1883 1288 1970; baseline -0.001 -21"><span class='ocrx_word' id='word_1_119' title='bbox 138 1883 276 1968; x_wconf 88' lang='lat' dir='ltr'>petiistis</span> <span class='ocrx_word' id='word_1_120' title='bbox 300 1884 429 1962; x_wconf 81' lang='lat' dir='ltr'>aboleri,</span> <span class='ocrx_word' id='word_1_121' title='bbox 452 1888 485 1949; x_wconf 89' lang='lat' dir='ltr'>et</span> <span class='ocrx_word' id='word_1_122' title='bbox 507 1885 602 1948; x_wconf 90' lang='lat' dir='ltr'>simul</span> <span class='ocrx_word' id='word_1_123' title='bbox 624 1885 783 1968; x_wconf 77' lang='lat' dir='ltr'>pontificis</span> <span class='ocrx_word' id='word_1_124' title='bbox 807 1884 912 1970; x_wconf 87' lang='lat' dir='ltr'>legato</span> <span class='ocrx_word' id='word_1_125' title='bbox 934 1884 1181 1967; x_wconf 68' lang='lat' dir='ltr'>respondebatis</span> <span class='ocrx_word' id='word_1_126' title='bbox 1206 1884 1288 1948; x_wconf 91' lang='lat' dir='ltr'>nihil</span> 
     </span>
     <span class='ocr_line' id='line_1_16' title="bbox 138 1984 1289 2075; baseline 0 -21"><span class='ocrx_word' id='word_1_127' title='bbox 138 1984 193 2054; x_wconf 83' lang='lat' dir='ltr'>vos</span> <span class='ocrx_word' id='word_1_128' title='bbox 216 1991 250 2053; x_wconf 91' lang='lat' dir='ltr'>in</span> <span class='ocrx_word' id='word_1_129' title='bbox 273 1989 448 2054; x_wconf 87' lang='lat' dir='ltr'>Lutherum</span> <span class='ocrx_word' id='word_1_130' title='bbox 471 2012 562 2073; x_wconf 89' lang='lat' dir='ltr'>posse</span> <span class='ocrx_word' id='word_1_131' title='bbox 585 1991 712 2075; x_wconf 83' lang='lat' dir='ltr'>gravius</span> <span class='ocrx_word' id='word_1_132' title='bbox 736 1990 910 2068; x_wconf 83' lang='lat' dir='ltr'>decernere,</span> <span class='ocrx_word' id='word_1_133' title='bbox 934 1990 1003 2053; x_wconf 91' lang='lat' dir='ltr'>ideo</span> <span class='ocrx_word' id='word_1_134' title='bbox 1027 1990 1110 2072; x_wconf 91' lang='lat' dir='ltr'>quod</span> <span class='ocrx_word' id='word_1_135' title='bbox 1133 1989 1212 2053; x_wconf 86' lang='lat' dir='ltr'>vitia</span> <span class='ocrx_word' id='word_1_136' title='bbox 1235 1990 1289 2054; x_wconf 89' lang='lat' dir='ltr'>ille</span> 
     </span>
     <span class='ocr_line' id='line_1_17' title="bbox 137 2092 1287 2178; baseline 0 -20"><span class='ocrx_word' id='word_1_137' title='bbox 137 2095 250 2172; x_wconf 89' lang='lat' dir='ltr'>multa,</span> <span class='ocrx_word' id='word_1_138' title='bbox 273 2116 343 2178; x_wconf 86' lang='lat' dir='ltr'>quae</span> <span class='ocrx_word' id='word_1_139' title='bbox 366 2116 430 2158; x_wconf 92' lang='lat' dir='ltr'>non</span> <span class='ocrx_word' id='word_1_140' title='bbox 453 2094 578 2177; x_wconf 88' lang='lat' dir='ltr'>possint</span> <span class='ocrx_word' id='word_1_141' title='bbox 600 2094 803 2171; x_wconf 88' lang='lat' dir='ltr'>dissimulari,</span> <span class='ocrx_word' id='word_1_142' title='bbox 828 2094 1005 2159; x_wconf 82' lang='lat' dir='ltr'>crederetur</span> <span class='ocrx_word' id='word_1_143' title='bbox 1022 2092 1184 2157; x_wconf 85' lang='lat' dir='ltr'>detexisse.</span> <span class='ocrx_word' id='word_1_144' title='bbox 1224 2094 1287 2158; x_wconf 87' lang='lat' dir='ltr'>Re·</span> 
     </span>
     <span class='ocr_line' id='line_1_18' title="bbox 135 2197 1289 2283; baseline 0 -21"><span class='ocrx_word' id='word_1_145' title='bbox 135 2199 244 2283; x_wconf 88' lang='lat' dir='ltr'>petite,</span> <span class='ocrx_word' id='word_1_146' title='bbox 267 2221 381 2282; x_wconf 87' lang='lat' dir='ltr'>quaeso,</span> <span class='ocrx_word' id='word_1_147' title='bbox 405 2198 589 2261; x_wconf 90' lang='lat' dir='ltr'>memoriam</span> <span class='ocrx_word' id='word_1_148' title='bbox 613 2199 679 2282; x_wconf 88' lang='lat' dir='ltr'>ejus</span> <span class='ocrx_word' id='word_1_149' title='bbox 702 2199 864 2282; x_wconf 81' lang='lat' dir='ltr'>temporie,</span> <span class='ocrx_word' id='word_1_150' title='bbox 890 2202 921 2262; x_wconf 89' lang='lat' dir='ltr'>et</span> <span class='ocrx_word' id='word_1_151' title='bbox 948 2197 1050 2262; x_wconf 86' lang='lat' dir='ltr'>videte</span> <span class='ocrx_word' id='word_1_152' title='bbox 1073 2220 1168 2281; x_wconf 88' lang='lat' dir='ltr'>quam</span> <span class='ocrx_word' id='word_1_153' title='bbox 1191 2197 1289 2263; x_wconf 66' lang='lat' dir='ltr'>fiderit</span> 
     </span>
     <span class='ocr_line' id='line_1_19' title="bbox 137 2301 1289 2385; baseline 0.002 -20"><span class='ocrx_word' id='word_1_154' title='bbox 137 2302 273 2365; x_wconf 89' lang='lat' dir='ltr'>illustris</span> <span class='ocrx_word' id='word_1_155' title='bbox 296 2302 362 2366; x_wconf 86' lang='lat' dir='ltr'>haee</span> <span class='ocrx_word' id='word_1_156' title='bbox 385 2306 489 2366; x_wconf 88' lang='lat' dir='ltr'>vestra</span> <span class='ocrx_word' id='word_1_157' title='bbox 512 2301 675 2366; x_wconf 81' lang='lat' dir='ltr'>confessio.</span> <span class='ocrx_word' id='word_1_158' title='bbox 718 2302 863 2366; x_wconf 87' lang='lat' dir='ltr'>Manebit</span> <span class='ocrx_word' id='word_1_159' title='bbox 884 2302 940 2366; x_wconf 88' lang='lat' dir='ltr'>illa</span> <span class='ocrx_word' id='word_1_160' title='bbox 963 2324 1086 2385; x_wconf 88' lang='lat' dir='ltr'>semper</span> <span class='ocrx_word' id='word_1_161' title='bbox 1108 2302 1289 2366; x_wconf 87' lang='lat' dir='ltr'>litterarum</span> 
     </span>
     <span class='ocr_line' id='line_1_20' title="bbox 136 2405 1290 2491; baseline 0.001 -21"><span class='ocrx_word' id='word_1_162' title='bbox 136 2408 291 2491; x_wconf 85' lang='lat' dir='ltr'>impressa</span> <span class='ocrx_word' id='word_1_163' title='bbox 312 2405 543 2483; x_wconf 73' lang='lat' dir='ltr'>monumentiS,</span> <span class='ocrx_word' id='word_1_164' title='bbox 579 2427 635 2469; x_wconf 83' lang='lat' dir='ltr'>nec</span> <span class='ocrx_word' id='word_1_165' title='bbox 658 2406 724 2469; x_wconf 89' lang='lat' dir='ltr'>ulla</span> <span class='ocrx_word' id='word_1_166' title='bbox 750 2409 889 2471; x_wconf 86' lang='lat' dir='ltr'>vetustas</span> <span class='ocrx_word' id='word_1_167' title='bbox 912 2428 981 2470; x_wconf 88' lang='lat' dir='ltr'>eam</span> <span class='ocrx_word' id='word_1_168' title='bbox 1004 2406 1130 2469; x_wconf 89' lang='lat' dir='ltr'>delebit.</span> <span class='ocrx_word' id='word_1_169' title='bbox 1175 2407 1290 2471; x_wconf 87' lang='lat' dir='ltr'>Videte</span> 
     </span>
     <span class='ocr_line' id='line_1_21' title="bbox 136 2503 1289 2596; baseline -0.001 -21"><span class='ocrx_word' id='word_1_170' title='bbox 136 2503 328 2596; x_wconf 90' lang='lat' dir='ltr'>propiusque</span> <span class='ocrx_word' id='word_1_171' title='bbox 351 2511 556 2587; x_wconf 83' lang='lat' dir='ltr'>considerate,</span> <span class='ocrx_word' id='word_1_172' title='bbox 581 2532 726 2593; x_wconf 85' lang='lat' dir='ltr'>quaenam</span> <span class='ocrx_word' id='word_1_173' title='bbox 751 2511 816 2574; x_wconf 91' lang='lat' dir='ltr'>sint</span> <span class='ocrx_word' id='word_1_174' title='bbox 837 2511 902 2589; x_wconf 91' lang='lat' dir='ltr'>illa,</span> <span class='ocrx_word' id='word_1_175' title='bbox 932 2532 1001 2594; x_wconf 85' lang='lat' dir='ltr'>quae</span> <span class='ocrx_word' id='word_1_176' title='bbox 1024 2515 1092 2574; x_wconf 90' lang='lat' dir='ltr'>tum</span> <span class='ocrx_word' id='word_1_177' title='bbox 1115 2511 1289 2594; x_wconf 84' lang='lat' dir='ltr'>cupiebatis</span> 
     </span>
     <span class='ocr_line' id='line_1_22' title="bbox 138 2615 1290 2699; baseline -0.002 -19"><span class='ocrx_word' id='word_1_178' title='bbox 138 2639 156 2680; x_wconf 89' lang='lat' dir='ltr'>a</span> <span class='ocrx_word' id='word_1_179' title='bbox 178 2617 328 2699; x_wconf 82' lang='lat' dir='ltr'>pontifice</span> <span class='ocrx_word' id='word_1_180' title='bbox 352 2615 402 2679; x_wconf 87' lang='lat' dir='ltr'>vel</span> <span class='ocrx_word' id='word_1_181' title='bbox 424 2615 540 2699; x_wconf 78' lang='lat' dir='ltr'>corrigi</span> <span class='ocrx_word' id='word_1_182' title='bbox 563 2615 614 2679; x_wconf 83' lang='lat' dir='ltr'>vel</span> <span class='ocrx_word' id='word_1_183' title='bbox 637 2615 670 2678; x_wconf 90' lang='lat' dir='ltr'>in</span> <span class='ocrx_word' id='word_1_184' title='bbox 693 2616 876 2679; x_wconf 90' lang='lat' dir='ltr'>universum</span> <span class='ocrx_word' id='word_1_185' title='bbox 899 2616 1027 2680; x_wconf 89' lang='lat' dir='ltr'>aboleri.</span> <span class='ocrx_word' id='word_1_186' title='bbox 1066 2615 1099 2680; x_wconf 81' lang='lat' dir='ltr'>Si</span> <span class='ocrx_word' id='word_1_187' title='bbox 1117 2616 1290 2699; x_wconf 84' lang='lat' dir='ltr'>diligenter</span> 
     </span>
     <span class='ocr_line' id='line_1_23' title="bbox 136 2712 1289 2806; baseline 0.001 -22"><span class='ocrx_word' id='word_1_188' title='bbox 136 2721 355 2806; x_wconf 80' lang='lat' dir='ltr'>inspiciantur,</span> <span class='ocrx_word' id='word_1_189' title='bbox 377 2712 579 2803; x_wconf 52' lang='lat' dir='ltr'>&#39;comperietis</span> <span class='ocrx_word' id='word_1_190' title='bbox 603 2719 659 2783; x_wconf 90' lang='lat' dir='ltr'>illa</span> <span class='ocrx_word' id='word_1_191' title='bbox 682 2742 825 2785; x_wconf 88' lang='lat' dir='ltr'>manasse</span> <span class='ocrx_word' id='word_1_192' title='bbox 848 2744 885 2785; x_wconf 84' lang='lat' dir='ltr'>ex</span> <span class='ocrx_word' id='word_1_193' title='bbox 908 2742 1017 2784; x_wconf 90' lang='lat' dir='ltr'>eorum</span> <span class='ocrx_word' id='word_1_194' title='bbox 1041 2721 1177 2798; x_wconf 84' lang='lat' dir='ltr'>officina,</span> <span class='ocrx_word' id='word_1_195' title='bbox 1210 2742 1289 2805; x_wconf 91' lang='lat' dir='ltr'>quos</span> 
     </span>
     <span class='ocr_line' id='line_1_24' title="bbox 135 2825 1289 2911; baseline -0.001 -20"><span class='ocrx_word' id='word_1_196' title='bbox 135 2827 346 2911; x_wconf 82' lang='lat' dir='ltr'>pulcherrime</span> <span class='ocrx_word' id='word_1_197' title='bbox 377 2827 551 2911; x_wconf 87' lang='lat' dir='ltr'>depingens</span> <span class='ocrx_word' id='word_1_198' title='bbox 582 2831 614 2890; x_wconf 91' lang='lat' dir='ltr'>et</span> <span class='ocrx_word' id='word_1_199' title='bbox 643 2825 862 2908; x_wconf 81' lang='lat' dir='ltr'>praenuntians</span> <span class='ocrx_word' id='word_1_200' title='bbox 904 2825 958 2889; x_wconf 87' lang='lat' dir='ltr'>ill&#39;e</span> <span class='ocrx_word' id='word_1_201' title='bbox 996 2825 1063 2888; x_wconf 87' lang='lat' dir='ltr'>veri</span> <span class='ocrx_word' id='word_1_202' title='bbox 1094 2829 1289 2890; x_wconf 90' lang='lat' dir='ltr'>monstrator</span> 
     </span>
     <span class='ocr_line' id='line_1_25' title="bbox 140 2929 1290 3017; baseline -0.002 -21"><span class='ocrx_word' id='word_1_203' title='bbox 140 2933 272 3017; x_wconf 91' lang='lat' dir='ltr'>spiritus</span> <span class='ocrx_word' id='word_1_204' title='bbox 296 2932 341 2996; x_wconf 90' lang='lat' dir='ltr'>ait</span> <span class='ocrx_word' id='word_1_205' title='bbox 364 2931 640 2996; x_wconf 81' lang='lat' dir='ltr'>exercitatissimos</span> <span class='ocrx_word' id='word_1_206' title='bbox 657 2953 722 2994; x_wconf 88' lang='lat' dir='ltr'>esse</span> <span class='ocrx_word' id='word_1_207' title='bbox 737 2931 771 2993; x_wconf 92' lang='lat' dir='ltr'>in</span> <span class='ocrx_word' id='word_1_208' title='bbox 788 2931 876 2992; x_wconf 91' lang='lat' dir='ltr'>omni</span> <span class='ocrx_word' id='word_1_209' title='bbox 891 2952 1005 3014; x_wconf 86' lang='lat' dir='ltr'>genere</span> <span class='ocrx_word' id='word_1_210' title='bbox 1020 2929 1149 3012; x_wconf 86' lang='lat' dir='ltr'>rapinae,</span> <span class='ocrx_word' id='word_1_211' title='bbox 1173 2930 1290 2994; x_wconf 88' lang='lat' dir='ltr'>habere</span> 
     </span>
     <span class='ocr_line' id='line_1_26' title="bbox 137 3035 1287 3112; baseline -0.001 -12"><span class='ocrx_word' id='word_1_212' title='bbox 137 3038 243 3100; x_wconf 86' lang='lat' dir='ltr'>oeulos</span> <span class='ocrx_word' id='word_1_213' title='bbox 265 3036 409 3100; x_wconf 91' lang='lat' dir='ltr'>libidinis</span> <span class='ocrx_word' id='word_1_214' title='bbox 432 3041 463 3100; x_wconf 88' lang='lat' dir='ltr'>et</span> <span class='ocrx_word' id='word_1_215' title='bbox 485 3036 627 3100; x_wconf 86' lang='lat' dir='ltr'>avaritiae</span> <span class='ocrx_word' id='word_1_216' title='bbox 649 3039 755 3112; x_wconf 79' lang='lat' dir='ltr'>testea,</span> <span class='ocrx_word' id='word_1_217' title='bbox 780 3057 816 3099; x_wconf 86' lang='lat' dir='ltr'>ao</span> <span class='ocrx_word' id='word_1_218' title='bbox 838 3035 872 3099; x_wconf 89' lang='lat' dir='ltr'>in</span> <span class='ocrx_word' id='word_1_219' title='bbox 895 3056 1032 3098; x_wconf 90' lang='lat' dir='ltr'>errorem</span> <span class='ocrx_word' id='word_1_220' title='bbox 1056 3035 1205 3098; x_wconf 83' lang='lat' dir='ltr'>adductos</span> <span class='ocrx_word' id='word_1_221' title='bbox 1228 3035 1287 3099; x_wconf 93' lang='lat' dir='ltr'>ho-</span> 
     </span>
     <span class='ocr_line' id='line_1_27' title="bbox 136 3139 1289 3222; baseline 0.002 -19"><span class='ocrx_word' id='word_1_222' title='bbox 136 3141 237 3204; x_wconf 89' lang='lat' dir='ltr'>mines</span> <span class='ocrx_word' id='word_1_223' title='bbox 267 3141 423 3206; x_wconf 88' lang='lat' dir='ltr'>devorare.</span> <span class='ocrx_word' id='word_1_224' title='bbox 472 3140 535 3204; x_wconf 84' lang='lat' dir='ltr'>Cur</span> <span class='ocrx_word' id='word_1_225' title='bbox 549 3140 633 3203; x_wconf 91' lang='lat' dir='ltr'>enim</span> <span class='ocrx_word' id='word_1_226' title='bbox 657 3139 818 3204; x_wconf 88' lang='lat' dir='ltr'>emendari</span> <span class='ocrx_word' id='word_1_227' title='bbox 842 3139 984 3202; x_wconf 89' lang='lat' dir='ltr'>voluistis</span> <span class='ocrx_word' id='word_1_228' title='bbox 1013 3161 1049 3203; x_wconf 87' lang='lat' dir='ltr'>ea</span> <span class='ocrx_word' id='word_1_229' title='bbox 1082 3139 1132 3202; x_wconf 90' lang='lat' dir='ltr'>vel</span> <span class='ocrx_word' id='word_1_230' title='bbox 1158 3161 1289 3222; x_wconf 88' lang='lat' dir='ltr'>prorsus</span> 
     </span>
     <span class='ocr_line' id='line_1_28' title="bbox 138 3243 1288 3329; baseline -0.002 -20"><span class='ocrx_word' id='word_1_231' title='bbox 138 3245 304 3329; x_wconf 88' lang='lat' dir='ltr'>abrogari,</span> <span class='ocrx_word' id='word_1_232' title='bbox 339 3246 402 3308; x_wconf 90' lang='lat' dir='ltr'>nisi</span> <span class='ocrx_word' id='word_1_233' title='bbox 436 3246 520 3329; x_wconf 94' lang='lat' dir='ltr'>quod</span> <span class='ocrx_word' id='word_1_234' title='bbox 551 3244 682 3322; x_wconf 80' lang='lat' dir='ltr'>callide,</span> <span class='ocrx_word' id='word_1_235' title='bbox 712 3243 975 3327; x_wconf 84' lang='lat' dir='ltr'>insi[Fiiij]diose</span> <span class='ocrx_word' id='word_1_236' title='bbox 1006 3248 1038 3307; x_wconf 89' lang='lat' dir='ltr'>et</span> <span class='ocrx_word' id='word_1_237' title='bbox 1067 3266 1159 3309; x_wconf 82' lang='lat' dir='ltr'>avare</span> <span class='ocrx_word' id='word_1_238' title='bbox 1182 3266 1201 3306; x_wconf 89' lang='lat' dir='ltr'>a</span> <span class='ocrx_word' id='word_1_239' title='bbox 1224 3244 1288 3307; x_wconf 86' lang='lat' dir='ltr'>Ro-</span> 
     </span>
     <span class='ocr_line' id='line_1_29' title="bbox 137 3348 1289 3434; baseline -0.002 -21"><span class='ocrx_word' id='word_1_240' title='bbox 137 3349 340 3413; x_wconf 89' lang='lat' dir='ltr'>manensibus</span> <span class='ocrx_word' id='word_1_241' title='bbox 372 3349 549 3434; x_wconf 80' lang='lat' dir='ltr'>excogitata</span> <span class='ocrx_word' id='word_1_242' title='bbox 580 3353 699 3414; x_wconf 86' lang='lat' dir='ltr'>vestras</span> <span class='ocrx_word' id='word_1_243' title='bbox 723 3354 754 3413; x_wconf 93' lang='lat' dir='ltr'>et</span> <span class='ocrx_word' id='word_1_244' title='bbox 777 3349 966 3434; x_wconf 91' lang='lat' dir='ltr'>populorum</span> <span class='ocrx_word' id='word_1_245' title='bbox 989 3352 1165 3412; x_wconf 87' lang='lat' dir='ltr'>vestrorum</span> <span class='ocrx_word' id='word_1_246' title='bbox 1188 3348 1289 3412; x_wconf 87' lang='lat' dir='ltr'>faoul·</span> 
     </span>
     <span class='ocr_line' id='line_1_30' title="bbox 136 3454 1289 3540; baseline -0.002 -21"><span class='ocrx_word' id='word_1_247' title='bbox 136 3460 219 3520; x_wconf 88' lang='lat' dir='ltr'>tates</span> <span class='ocrx_word' id='word_1_248' title='bbox 250 3454 472 3533; x_wconf 86' lang='lat' dir='ltr'>exhaurirent,</span> <span class='ocrx_word' id='word_1_249' title='bbox 504 3479 540 3521; x_wconf 87' lang='lat' dir='ltr'>ao</span> <span class='ocrx_word' id='word_1_250' title='bbox 570 3456 667 3519; x_wconf 91' lang='lat' dir='ltr'>nimis</span> <span class='ocrx_word' id='word_1_251' title='bbox 698 3476 815 3540; x_wconf 83' lang='lat' dir='ltr'>magna</span> <span class='ocrx_word' id='word_1_252' title='bbox 838 3456 992 3518; x_wconf 88' lang='lat' dir='ltr'>servitute</span> <span class='ocrx_word' id='word_1_253' title='bbox 1014 3475 1068 3516; x_wconf 90' lang='lat' dir='ltr'>vos</span> <span class='ocrx_word' id='word_1_254' title='bbox 1091 3454 1289 3538; x_wconf 83' lang='lat' dir='ltr'>constringe·</span> 
     </span>
     <span class='ocr_line' id='line_1_31' title="bbox 137 3557 1290 3642; baseline -0.004 -16"><span class='ocrx_word' id='word_1_255' title='bbox 137 3563 234 3626; x_wconf 77' lang='lat' dir='ltr'>rent?</span> <span class='ocrx_word' id='word_1_256' title='bbox 271 3560 387 3625; x_wconf 90' lang='lat' dir='ltr'>Nonne</span> <span class='ocrx_word' id='word_1_257' title='bbox 411 3560 473 3624; x_wconf 88' lang='lat' dir='ltr'>fuit</span> <span class='ocrx_word' id='word_1_258' title='bbox 491 3561 557 3626; x_wconf 86' lang='lat' dir='ltr'>haeo</span> <span class='ocrx_word' id='word_1_259' title='bbox 573 3584 667 3626; x_wconf 86' lang='lat' dir='ltr'>eausa</span> <span class='ocrx_word' id='word_1_260' title='bbox 681 3565 794 3624; x_wconf 87' lang='lat' dir='ltr'>vestrae</span> <span class='ocrx_word' id='word_1_261' title='bbox 810 3559 966 3642; x_wconf 77' lang='lat' dir='ltr'>querelae?</span> <span class='ocrx_word' id='word_1_262' title='bbox 999 3558 1074 3622; x_wconf 89' lang='lat' dir='ltr'>Fuit</span> <span class='ocrx_word' id='word_1_263' title='bbox 1085 3580 1169 3622; x_wconf 88' lang='lat' dir='ltr'>sane.</span> <span class='ocrx_word' id='word_1_264' title='bbox 1210 3557 1290 3622; x_wconf 84' lang='lat' dir='ltr'>Cum</span> 
     </span>
     <span class='ocr_line' id='line_1_32' title="bbox 137 3663 1291 3750; baseline -0.004 -19"><span class='ocrx_word' id='word_1_265' title='bbox 137 3671 244 3732; x_wconf 89' lang='lat' dir='ltr'>autem</span> <span class='ocrx_word' id='word_1_266' title='bbox 267 3689 304 3731; x_wconf 86' lang='lat' dir='ltr'>ea</span> <span class='ocrx_word' id='word_1_267' title='bbox 326 3666 447 3750; x_wconf 89' lang='lat' dir='ltr'>primus</span> <span class='ocrx_word' id='word_1_268' title='bbox 471 3667 613 3731; x_wconf 91' lang='lat' dir='ltr'>omnium</span> <span class='ocrx_word' id='word_1_269' title='bbox 644 3666 794 3730; x_wconf 87' lang='lat' dir='ltr'>indicarit</span> <span class='ocrx_word' id='word_1_270' title='bbox 816 3663 994 3739; x_wconf 87' lang='lat' dir='ltr'>Lutherus,</span> <span class='ocrx_word' id='word_1_271' title='bbox 1027 3664 1291 3746; x_wconf 88' lang='lat' dir='ltr'>quemadmodum</span> 
     </span>
     <span class='ocr_line' id='line_1_33' title="bbox 704 3789 722 3826; baseline 0 0"><span class='ocrx_word' id='word_1_272' title='bbox 704 3789 722 3826; x_wconf 60' lang='lat' dir='ltr'>’l‘</span> 
     </span>
     <span class='ocr_line' id='line_1_34' title="bbox 137 3872 1291 3960; baseline -0.003 -21"><span class='ocrx_word' id='word_1_273' title='bbox 137 3876 328 3954; x_wconf 78' lang='lat' dir='ltr'>sohwerntis,</span> <span class='ocrx_word' id='word_1_274' title='bbox 353 3899 393 3940; x_wconf 90' lang='lat' dir='ltr'>an</span> <span class='ocrx_word' id='word_1_275' title='bbox 418 3877 451 3940; x_wconf 91' lang='lat' dir='ltr'>in</span> <span class='ocrx_word' id='word_1_276' title='bbox 476 3877 549 3960; x_wconf 83' lang='lat' dir='ltr'>(den</span> <span class='ocrx_word' id='word_1_277' title='bbox 571 3877 759 3959; x_wconf 84' lang='lat' dir='ltr'>Endehrist)</span> <span class='ocrx_word' id='word_1_278' title='bbox 783 3875 865 3939; x_wconf 79' lang='lat' dir='ltr'>thhn</span> <span class='ocrx_word' id='word_1_279' title='bbox 887 3875 1023 3958; x_wconf 86' lang='lat' dir='ltr'>langen,</span> <span class='ocrx_word' id='word_1_280' title='bbox 1054 3873 1115 3938; x_wconf 91' lang='lat' dir='ltr'>mit</span> <span class='ocrx_word' id='word_1_281' title='bbox 1136 3872 1291 3957; x_wconf 89' lang='lat' dir='ltr'>fleissiger</span> 
     </span>
     <span class='ocr_line' id='line_1_35' title="bbox 137 3977 1285 4064; baseline -0.007 -18"><span class='ocrx_word' id='word_1_282' title='bbox 137 3983 211 4060; x_wconf 88' lang='lat' dir='ltr'>bitt,</span> <span class='ocrx_word' id='word_1_283' title='bbox 235 3983 285 4047; x_wconf 87' lang='lat' dir='ltr'>die</span> <span class='ocrx_word' id='word_1_284' title='bbox 307 3982 416 4046; x_wconf 92' lang='lat' dir='ltr'>selben</span> <span class='ocrx_word' id='word_1_285' title='bbox 439 3982 640 4047; x_wconf 81' lang='lat' dir='ltr'>abzirstellen.</span> <span class='ocrx_word' id='word_1_286' title='bbox 687 3980 773 4047; x_wconf 82' lang='lat' dir='ltr'>tht</span> <span class='ocrx_word' id='word_1_287' title='bbox 794 3982 844 4064; x_wconf 89' lang='lat' dir='ltr'>jar</span> <span class='ocrx_word' id='word_1_288' title='bbox 868 3979 1016 4057; x_wconf 87' lang='lat' dir='ltr'>darnaoh,</span> <span class='ocrx_word' id='word_1_289' title='bbox 1040 3983 1079 4044; x_wconf 79' lang='lat' dir='ltr'>mi</span> <span class='ocrx_word' id='word_1_290' title='bbox 1102 3977 1285 4062; x_wconf 83' lang='lat' dir='ltr'>Augspurg,</span> 
     </span>
     <span class='ocr_line' id='line_1_36' title="bbox 138 4079 1286 4168; baseline -0.007 -19"><span class='ocrx_word' id='word_1_291' title='bbox 138 4087 178 4151; x_wconf 86' lang='lat' dir='ltr'>da</span> <span class='ocrx_word' id='word_1_292' title='bbox 193 4086 387 4151; x_wconf 86' lang='lat' dir='ltr'>Keiserliohe</span> <span class='ocrx_word' id='word_1_293' title='bbox 402 4087 550 4151; x_wconf 85' lang='lat' dir='ltr'>Maiestat</span> <span class='ocrx_word' id='word_1_294' title='bbox 573 4087 645 4168; x_wconf 83' lang='lat'>[58]</span> <span class='ocrx_word' id='word_1_295' title='bbox 661 4085 744 4150; x_wconf 90' lang='lat' dir='ltr'>selbs</span> <span class='ocrx_word' id='word_1_296' title='bbox 759 4086 820 4149; x_wconf 92' lang='lat' dir='ltr'>mit</span> <span class='ocrx_word' id='word_1_297' title='bbox 836 4086 918 4149; x_wconf 88' lang='lat' dir='ltr'>allen</span> <span class='ocrx_word' id='word_1_298' title='bbox 934 4082 1074 4148; x_wconf 85' lang='lat' dir='ltr'>Stenden</span> <span class='ocrx_word' id='word_1_299' title='bbox 1091 4082 1143 4146; x_wconf 89' lang='lat' dir='ltr'>des</span> <span class='ocrx_word' id='word_1_300' title='bbox 1159 4079 1286 4157; x_wconf 83' lang='lat' dir='ltr'>Reiohs,</span> 
     </span>
     <span class='ocr_line' id='line_1_37' title="bbox 138 4184 1292 4276; baseline -0.006 -23"><span class='ocrx_word' id='word_1_301' title='bbox 138 4191 174 4254; x_wconf 90' lang='lat' dir='ltr'>iu</span> <span class='ocrx_word' id='word_1_302' title='bbox 196 4212 320 4276; x_wconf 90' lang='lat' dir='ltr'>grosser</span> <span class='ocrx_word' id='word_1_303' title='bbox 345 4190 550 4255; x_wconf 84' lang='lat' dir='ltr'>mereklioher</span> <span class='ocrx_word' id='word_1_304' title='bbox 574 4190 665 4254; x_wconf 82' lang='lat' dir='ltr'>annal</span> <span class='ocrx_word' id='word_1_305' title='bbox 688 4190 888 4267; x_wconf 85' lang='lat' dir='ltr'>ersohirmen,</span> <span class='ocrx_word' id='word_1_306' title='bbox 911 4188 980 4252; x_wconf 84' lang='lat' dir='ltr'>auff</span> <span class='ocrx_word' id='word_1_307' title='bbox 999 4187 1115 4252; x_wconf 81' lang='lat' dir='ltr'>welche</span> <span class='ocrx_word' id='word_1_308' title='bbox 1132 4184 1292 4248; x_wconf 86' lang='lat' dir='ltr'>beikunfft</span> 
     </span>
     <span class='ocr_line' id='line_1_38' title="bbox 137 4290 1291 4380; baseline -0.007 -20"><span class='ocrx_word' id='word_1_309' title='bbox 137 4298 203 4360; x_wconf 92' lang='lat' dir='ltr'>und</span> <span class='ocrx_word' id='word_1_310' title='bbox 226 4296 428 4380; x_wconf 87' lang='lat' dir='ltr'>versamlung</span> <span class='ocrx_word' id='word_1_311' title='bbox 451 4296 621 4380; x_wconf 88' lang='lat' dir='ltr'>yederman</span> <span class='ocrx_word' id='word_1_312' title='bbox 643 4295 710 4359; x_wconf 92' lang='lat' dir='ltr'>sioh</span> <span class='ocrx_word' id='word_1_313' title='bbox 734 4294 880 4358; x_wconf 80' lang='lat' dir='ltr'>hbchlioh</span> <span class='ocrx_word' id='word_1_314' title='bbox 903 4296 1088 4370; x_wconf 85' lang='lat' dir='ltr'>vertr&#39;ostet,</span> <span class='ocrx_word' id='word_1_315' title='bbox 1121 4292 1175 4355; x_wconf 86' lang='lat' dir='ltr'>der</span> <span class='ocrx_word' id='word_1_316' title='bbox 1207 4290 1291 4353; x_wconf 87' lang='lat' dir='ltr'>hoff-</span> 
     </span>
     <span class='ocr_line' id='line_1_39' title="bbox 139 4395 1291 4486; baseline -0.004 -23"><span class='ocrx_word' id='word_1_317' title='bbox 139 4422 246 4486; x_wconf 88' lang='lat' dir='ltr'>nung,</span> <span class='ocrx_word' id='word_1_318' title='bbox 281 4422 312 4464; x_wconf 91' lang='lat' dir='ltr'>es</span> <span class='ocrx_word' id='word_1_319' title='bbox 346 4400 425 4463; x_wconf 88' lang='lat' dir='ltr'>solte</span> <span class='ocrx_word' id='word_1_320' title='bbox 456 4404 552 4464; x_wconf 86' lang='lat' dir='ltr'>etwas</span> <span class='ocrx_word' id='word_1_321' title='bbox 586 4403 721 4464; x_wconf 77' lang='lat' dir='ltr'>ertrtert</span> <span class='ocrx_word' id='word_1_322' title='bbox 743 4400 885 4463; x_wconf 88' lang='lat' dir='ltr'>werden:</span> <span class='ocrx_word' id='word_1_323' title='bbox 921 4399 968 4462; x_wconf 87' lang='lat' dir='ltr'>als</span> <span class='ocrx_word' id='word_1_324' title='bbox 992 4420 1024 4462; x_wconf 88' lang='lat' dir='ltr'>es</span> <span class='ocrx_word' id='word_1_325' title='bbox 1047 4400 1102 4461; x_wconf 79' lang='lat' dir='ltr'>mir</span> <span class='ocrx_word' id='word_1_326' title='bbox 1125 4395 1291 4480; x_wconf 89' lang='lat' dir='ltr'>handlung</span> 
     </span>
    </p>
   </div>
   <div class='ocr_carea' id='block_1_3' title="bbox 0 0 1438 5054">
    <p class='ocr_par' dir='ltr' id='par_1_3' title="bbox 0 0 1438 5054">
     <span class='ocr_line' id='line_1_40' title="bbox 0 0 1438 5054; baseline 0 0"><span class='ocrx_word' id='word_1_327' title='bbox 0 0 1438 5054; x_wconf 95' lang='lat' dir='ltr'> </span> 
     </span>
    </p>
   </div>
  </div>
 </body>
</html>
