<?xml version="1.0" encoding="UTF-8"?>
<!DOCTYPE html PUBLIC "-//W3C//DTD XHTML 1.0 Transitional//EN"
    "http://www.w3.org/TR/xhtml1/DTD/xhtml1-transitional.dtd">
<html xmlns="http://www.w3.org/1999/xhtml" xml:lang="en" lang="en">
 <head>
  <title>
</title>
<meta http-equiv="Content-Type" content="text/html;charset=utf-8" />
  <meta name='ocr-system' content='tesseract 3.04.00' />
  <meta name='ocr-capabilities' content='ocr_page ocr_carea ocr_par ocr_line ocrx_word'/>
</head>
<body>
  <div class='ocr_page' id='page_1' title='image "./zweiredenankais01sleigoog/zweiredenankais01sleigoog_0158.png"; bbox 0 0 2858 5054; ppageno 0'>
   <div class='ocr_carea' id='block_1_1' title="bbox 706 363 766 436">
    <p class='ocr_par' dir='ltr' id='par_1_1' title="bbox 706 363 766 436">
     <span class='ocr_line' id='line_1_1' title="bbox 706 363 766 436; baseline -0.033 0"><span class='ocrx_word' id='word_1_1' title='bbox 706 363 766 436; x_wconf 83' lang='grc'>148</span> 
     </span>
    </p>
   </div>
   <div class='ocr_carea' id='block_1_2' title="bbox 159 542 1316 4081">
    <p class='ocr_par' dir='ltr' id='par_1_2' title="bbox 160 542 1316 2181">
     <span class='ocr_line' id='line_1_2' title="bbox 162 542 1316 636; baseline -0.006 -19"><span class='ocrx_word' id='word_1_2' title='bbox 162 555 255 636; x_wconf 84' lang='lat' dir='ltr'>capto</span> <span class='ocrx_word' id='word_1_3' title='bbox 279 548 495 625; x_wconf 82' lang='lat' dir='ltr'>constituisti,</span> <span class='ocrx_word' id='word_1_4' title='bbox 530 546 623 610; x_wconf 89' lang='lat' dir='ltr'>claris</span> <span class='ocrx_word' id='word_1_5' title='bbox 653 545 756 609; x_wconf 87' lang='lat' dir='ltr'>verbis</span> <span class='ocrx_word' id='word_1_6' title='bbox 788 544 847 608; x_wconf 88' lang='lat' dir='ltr'>hoc</span> <span class='ocrx_word' id='word_1_7' title='bbox 877 542 1031 607; x_wconf 90' lang='lat' dir='ltr'>insertum</span> <span class='ocrx_word' id='word_1_8' title='bbox 1065 548 1112 610; x_wconf 88' lang='lat' dir='ltr'>est</span> <span class='ocrx_word' id='word_1_9' title='bbox 1143 546 1228 609; x_wconf 91' lang='lat' dir='ltr'>inter</span> <span class='ocrx_word' id='word_1_10' title='bbox 1250 545 1316 611; x_wconf 84' lang='lat' dir='ltr'>alia</span> 
     </span>
     <span class='ocr_line' id='line_1_3' title="bbox 161 647 1313 736; baseline -0.005 -16"><span class='ocrx_word' id='word_1_11' title='bbox 161 655 287 720; x_wconf 87' lang='lat' dir='ltr'>foederis</span> <span class='ocrx_word' id='word_1_12' title='bbox 310 654 423 736; x_wconf 85' lang='lat' dir='ltr'>capita,</span> <span class='ocrx_word' id='word_1_13' title='bbox 447 651 527 717; x_wconf 85' lang='lat' dir='ltr'>velle</span> <span class='ocrx_word' id='word_1_14' title='bbox 544 673 597 714; x_wconf 92' lang='lat' dir='ltr'>vos</span> <span class='ocrx_word' id='word_1_15' title='bbox 613 651 789 734; x_wconf 82' lang='lat' dir='ltr'>conjunclis</span> <span class='ocrx_word' id='word_1_16' title='bbox 813 648 932 712; x_wconf 83' lang='lat' dir='ltr'>viribus</span> <span class='ocrx_word' id='word_1_17' title='bbox 956 647 1170 713; x_wconf 85' lang='lat' dir='ltr'>Lutheranam</span> <span class='ocrx_word' id='word_1_18' title='bbox 1194 654 1313 714; x_wconf 88' lang='lat' dir='ltr'>sectam</span> 
     </span>
     <span class='ocr_line' id='line_1_4' title="bbox 162 754 1313 840; baseline -0.005 -16"><span class='ocrx_word' id='word_1_19' title='bbox 162 760 293 824; x_wconf 85' lang='lat' dir='ltr'>evellere</span> <span class='ocrx_word' id='word_1_20' title='bbox 317 763 417 823; x_wconf 87' lang='lat' dir='ltr'>totam</span> <span class='ocrx_word' id='word_1_21' title='bbox 440 760 473 820; x_wconf 87' lang='lat' dir='ltr'>et</span> <span class='ocrx_word' id='word_1_22' title='bbox 496 754 663 838; x_wconf 87' lang='lat' dir='ltr'>extirpare.</span> <span class='ocrx_word' id='word_1_23' title='bbox 703 756 822 840; x_wconf 85' lang='lat' dir='ltr'>Magna</span> <span class='ocrx_word' id='word_1_24' title='bbox 837 754 900 818; x_wconf 86' lang='lat' dir='ltr'>fuit</span> <span class='ocrx_word' id='word_1_25' title='bbox 923 754 989 817; x_wconf 81' lang='lat' dir='ltr'>haec</span> <span class='ocrx_word' id='word_1_26' title='bbox 1012 776 1086 818; x_wconf 88' lang='lat' dir='ltr'>sana</span> <span class='ocrx_word' id='word_1_27' title='bbox 1109 755 1313 838; x_wconf 83' lang='lat' dir='ltr'>conspirati0‚</span> 
     </span>
     <span class='ocr_line' id='line_1_5' title="bbox 162 858 1313 948; baseline -0.004 -19"><span class='ocrx_word' id='word_1_28' title='bbox 162 885 263 948; x_wconf 90' lang='lat' dir='ltr'>neque</span> <span class='ocrx_word' id='word_1_29' title='bbox 285 863 484 927; x_wconf 75' lang='lat' dir='ltr'>mediocriter</span> <span class='ocrx_word' id='word_1_30' title='bbox 508 860 738 924; x_wconf 87' lang='lat' dir='ltr'>extimescenda</span> <span class='ocrx_word' id='word_1_31' title='bbox 761 859 881 923; x_wconf 78' lang='lat' dir='ltr'>multis,</span> <span class='ocrx_word' id='word_1_32' title='bbox 930 858 1012 936; x_wconf 80' lang='lat' dir='ltr'>Quid</span> <span class='ocrx_word' id='word_1_33' title='bbox 1037 863 1143 923; x_wconf 88' lang='lat' dir='ltr'>autem</span> <span class='ocrx_word' id='word_1_34' title='bbox 1166 866 1214 923; x_wconf 88' lang='lat' dir='ltr'>est</span> <span class='ocrx_word' id='word_1_35' title='bbox 1236 880 1313 924; x_wconf 92' lang='lat' dir='ltr'>con-</span> 
     </span>
     <span class='ocr_line' id='line_1_6' title="bbox 161 964 1313 1048; baseline -0.004 -15"><span class='ocrx_word' id='word_1_36' title='bbox 161 969 328 1034; x_wconf 74' lang='lat' dir='ltr'>secutum?</span> <span class='ocrx_word' id='word_1_37' title='bbox 373 966 458 1030; x_wconf 90' lang='lat' dir='ltr'>Deus</span> <span class='ocrx_word' id='word_1_38' title='bbox 482 966 598 1028; x_wconf 87' lang='lat' dir='ltr'>iterum</span> <span class='ocrx_word' id='word_1_39' title='bbox 631 964 746 1046; x_wconf 86' lang='lat' dir='ltr'>objecit</span> <span class='ocrx_word' id='word_1_40' title='bbox 777 964 943 1048; x_wconf 77' lang='lat' dir='ltr'>clypeum,</span> <span class='ocrx_word' id='word_1_41' title='bbox 980 985 1073 1046; x_wconf 90' lang='lat' dir='ltr'>quem</span> <span class='ocrx_word' id='word_1_42' title='bbox 1097 964 1185 1027; x_wconf 90' lang='lat' dir='ltr'>nulla</span> <span class='ocrx_word' id='word_1_43' title='bbox 1208 965 1313 1048; x_wconf 87' lang='lat' dir='ltr'>cuspis</span> 
     </span>
     <span class='ocr_line' id='line_1_7' title="bbox 160 1067 1314 1152; baseline -0.005 -14"><span class='ocrx_word' id='word_1_44' title='bbox 160 1072 414 1138; x_wconf 84' lang='lat' dir='ltr'>transverberare</span> <span class='ocrx_word' id='word_1_45' title='bbox 436 1070 550 1152; x_wconf 83' lang='lat' dir='ltr'>potuit.</span> <span class='ocrx_word' id='word_1_46' title='bbox 584 1067 666 1132; x_wconf 90' lang='lat' dir='ltr'>Nam</span> <span class='ocrx_word' id='word_1_47' title='bbox 691 1069 748 1132; x_wconf 87' lang='lat' dir='ltr'>illa</span> <span class='ocrx_word' id='word_1_48' title='bbox 770 1072 935 1150; x_wconf 88' lang='lat' dir='ltr'>tantopere</span> <span class='ocrx_word' id='word_1_49' title='bbox 951 1071 1077 1150; x_wconf 90' lang='lat' dir='ltr'>captata</span> <span class='ocrx_word' id='word_1_50' title='bbox 1092 1068 1314 1133; x_wconf 77' lang='lat' dir='ltr'>benevolentia</span> 
     </span>
     <span class='ocr_line' id='line_1_8' title="bbox 160 1171 1313 1259; baseline -0.005 -18"><span class='ocrx_word' id='word_1_51' title='bbox 160 1200 224 1241; x_wconf 91' lang='lat' dir='ltr'>non</span> <span class='ocrx_word' id='word_1_52' title='bbox 247 1177 353 1259; x_wconf 84' lang='lat' dir='ltr'>potuit</span> <span class='ocrx_word' id='word_1_53' title='bbox 376 1174 557 1251; x_wconf 78' lang='lat' dir='ltr'>coalescere,</span> <span class='ocrx_word' id='word_1_54' title='bbox 583 1174 636 1236; x_wconf 89' lang='lat' dir='ltr'>sed</span> <span class='ocrx_word' id='word_1_55' title='bbox 661 1172 756 1257; x_wconf 87' lang='lat' dir='ltr'>paulo</span> <span class='ocrx_word' id='word_1_56' title='bbox 779 1175 853 1255; x_wconf 89' lang='lat' dir='ltr'>post</span> <span class='ocrx_word' id='word_1_57' title='bbox 876 1171 1014 1235; x_wconf 88' lang='lat' dir='ltr'>dissiliit.</span> <span class='ocrx_word' id='word_1_58' title='bbox 1047 1171 1313 1256; x_wconf 84' lang='lat' dir='ltr'>Redintegratum</span> 
     </span>
     <span class='ocr_line' id='line_1_9' title="bbox 160 1250 1312 1362; baseline -0.005 -18"><span class='ocrx_word' id='word_1_59' title='bbox 160 1284 209 1344; x_wconf 92' lang='lat' dir='ltr'>est</span> <span class='ocrx_word' id='word_1_60' title='bbox 231 1280 370 1357; x_wconf 84' lang='lat' dir='ltr'>bellum,</span> <span class='ocrx_word' id='word_1_61' title='bbox 395 1301 457 1362; x_wconf 91' lang='lat' dir='ltr'>quo</span> <span class='ocrx_word' id='word_1_62' title='bbox 480 1279 524 1341; x_wconf 88' lang='lat' dir='ltr'>sio</span> <span class='ocrx_word' id='word_1_63' title='bbox 547 1277 692 1360; x_wconf 90' lang='lat' dir='ltr'>impediti</span> <span class='ocrx_word' id='word_1_64' title='bbox 715 1250 824 1340; x_wconf 59' lang='lat' dir='ltr'>fuisti}</span> <span class='ocrx_word' id='word_1_65' title='bbox 846 1277 957 1354; x_wconf 89' lang='lat' dir='ltr'>amb0‚</span> <span class='ocrx_word' id='word_1_66' title='bbox 990 1280 1026 1340; x_wconf 90' lang='lat' dir='ltr'>ut</span> <span class='ocrx_word' id='word_1_67' title='bbox 1049 1275 1209 1340; x_wconf 88' lang='lat' dir='ltr'>decretum</span> <span class='ocrx_word' id='word_1_68' title='bbox 1231 1275 1312 1339; x_wconf 88' lang='lat' dir='ltr'>illud</span> 
     </span>
     <span class='ocr_line' id='line_1_10' title="bbox 160 1379 1314 1471; baseline -0.005 -22"><span class='ocrx_word' id='word_1_69' title='bbox 160 1394 322 1462; x_wconf 84' lang='lat' dir='ltr'>vestrum,</span> <span class='ocrx_word' id='word_1_70' title='bbox 357 1406 473 1468; x_wconf 84' lang='lat' dir='ltr'>magno</span> <span class='ocrx_word' id='word_1_71' title='bbox 509 1382 719 1471; x_wconf 87' lang='lat' dir='ltr'>plurimorum</span> <span class='ocrx_word' id='word_1_72' title='bbox 753 1385 872 1445; x_wconf 87' lang='lat' dir='ltr'>terrore</span> <span class='ocrx_word' id='word_1_73' title='bbox 907 1381 1103 1464; x_wconf 86' lang='lat' dir='ltr'>propositum</span> <span class='ocrx_word' id='word_1_74' title='bbox 1121 1384 1166 1454; x_wconf 45' lang='lat' dir='ltr'>set</span> <span class='ocrx_word' id='word_1_75' title='bbox 1195 1379 1314 1444; x_wconf 86' lang='lat' dir='ltr'>foedere</span> 
     </span>
     <span class='ocr_line' id='line_1_11' title="bbox 160 1483 1312 1565; baseline -0.006 -12"><span class='ocrx_word' id='word_1_76' title='bbox 160 1489 328 1565; x_wconf 83' lang='lat' dir='ltr'>sancitum,</span> <span class='ocrx_word' id='word_1_77' title='bbox 352 1490 417 1552; x_wconf 86' lang='lat' dir='ltr'>vim</span> <span class='ocrx_word' id='word_1_78' title='bbox 439 1509 564 1550; x_wconf 83' lang='lat' dir='ltr'>ornnem</span> <span class='ocrx_word' id='word_1_79' title='bbox 582 1488 751 1551; x_wconf 87' lang='lat' dir='ltr'>amitteret.</span> <span class='ocrx_word' id='word_1_80' title='bbox 784 1485 896 1551; x_wconf 79' lang='lat' dir='ltr'>sedeo</span> <span class='ocrx_word' id='word_1_81' title='bbox 916 1508 980 1550; x_wconf 92' lang='lat' dir='ltr'>non</span> <span class='ocrx_word' id='word_1_82' title='bbox 997 1486 1148 1563; x_wconf 79' lang='lat' dir='ltr'>contenti,</span> <span class='ocrx_word' id='word_1_83' title='bbox 1171 1483 1312 1548; x_wconf 89' lang='lat' dir='ltr'>triennio</span> 
     </span>
     <span class='ocr_line' id='line_1_12' title="bbox 160 1589 1313 1677; baseline -0.005 -20"><span class='ocrx_word' id='word_1_84' title='bbox 160 1598 252 1677; x_wconf 82' lang='lat' dir='ltr'>post,</span> <span class='ocrx_word' id='word_1_85' title='bbox 277 1613 347 1656; x_wconf 90' lang='lat' dir='ltr'>cum</span> <span class='ocrx_word' id='word_1_86' title='bbox 372 1613 453 1657; x_wconf 86' lang='lat' dir='ltr'>nova</span> <span class='ocrx_word' id='word_1_87' title='bbox 475 1592 588 1655; x_wconf 90' lang='lat' dir='ltr'>fuisset</span> <span class='ocrx_word' id='word_1_88' title='bbox 610 1591 692 1655; x_wconf 89' lang='lat' dir='ltr'>inita</span> <span class='ocrx_word' id='word_1_89' title='bbox 716 1590 837 1674; x_wconf 88' lang='lat' dir='ltr'>pactio,</span> <span class='ocrx_word' id='word_1_90' title='bbox 860 1593 956 1673; x_wconf 87' lang='lat' dir='ltr'>caput</span> <span class='ocrx_word' id='word_1_91' title='bbox 978 1591 1057 1654; x_wconf 88' lang='lat' dir='ltr'>illud</span> <span class='ocrx_word' id='word_1_92' title='bbox 1080 1591 1206 1655; x_wconf 85' lang='lat' dir='ltr'>foederis</span> <span class='ocrx_word' id='word_1_93' title='bbox 1228 1589 1313 1653; x_wconf 87' lang='lat' dir='ltr'>idem</span> 
     </span>
     <span class='ocr_line' id='line_1_13' title="bbox 161 1693 1311 1781; baseline -0.003 -20"><span class='ocrx_word' id='word_1_94' title='bbox 161 1697 333 1781; x_wconf 78' lang='lat' dir='ltr'>repetitum</span> <span class='ocrx_word' id='word_1_95' title='bbox 356 1696 418 1760; x_wconf 88' lang='lat' dir='ltr'>fuit</span> <span class='ocrx_word' id='word_1_96' title='bbox 441 1718 459 1758; x_wconf 90' lang='lat' dir='ltr'>a</span> <span class='ocrx_word' id='word_1_97' title='bbox 482 1695 580 1773; x_wconf 79' lang='lat' dir='ltr'>vobis,</span> <span class='ocrx_word' id='word_1_98' title='bbox 604 1698 636 1758; x_wconf 88' lang='lat' dir='ltr'>et</span> <span class='ocrx_word' id='word_1_99' title='bbox 659 1695 718 1759; x_wconf 89' lang='lat' dir='ltr'>hoc</span> <span class='ocrx_word' id='word_1_100' title='bbox 740 1696 869 1778; x_wconf 83' lang='lat' dir='ltr'>insuper</span> <span class='ocrx_word' id='word_1_101' title='bbox 892 1695 1044 1772; x_wconf 82' lang='lat' dir='ltr'>additum,</span> <span class='ocrx_word' id='word_1_102' title='bbox 1078 1693 1311 1778; x_wconf 81' lang='lat' dir='ltr'>impetrandam</span> 
     </span>
     <span class='ocr_line' id='line_1_14' title="bbox 163 1799 1311 1885; baseline -0.004 -19"><span class='ocrx_word' id='word_1_103' title='bbox 163 1824 229 1866; x_wconf 85' lang='lat' dir='ltr'>asse</span> <span class='ocrx_word' id='word_1_104' title='bbox 252 1824 271 1864; x_wconf 90' lang='lat' dir='ltr'>a</span> <span class='ocrx_word' id='word_1_105' title='bbox 293 1801 442 1885; x_wconf 86' lang='lat' dir='ltr'>pontifice</span> <span class='ocrx_word' id='word_1_106' title='bbox 466 1800 610 1863; x_wconf 84' lang='lat' dir='ltr'>Romano</span> <span class='ocrx_word' id='word_1_107' title='bbox 632 1800 736 1876; x_wconf 78' lang='lat' dir='ltr'>illam,</span> <span class='ocrx_word' id='word_1_108' title='bbox 763 1822 858 1883; x_wconf 90' lang='lat' dir='ltr'>quam</span> <span class='ocrx_word' id='word_1_109' title='bbox 881 1799 943 1882; x_wconf 92' lang='lat' dir='ltr'>ipsi</span> <span class='ocrx_word' id='word_1_110' title='bbox 965 1804 1095 1877; x_wconf 81' lang='lat' dir='ltr'>vocant,</span> <span class='ocrx_word' id='word_1_111' title='bbox 1128 1799 1311 1875; x_wconf 86' lang='lat' dir='ltr'>cruciatam,</span> 
     </span>
     <span class='ocr_line' id='line_1_15' title="bbox 164 1904 1313 1990; baseline -0.005 -19"><span class='ocrx_word' id='word_1_112' title='bbox 164 1913 196 1971; x_wconf 88' lang='lat' dir='ltr'>et</span> <span class='ocrx_word' id='word_1_113' title='bbox 218 1907 277 1970; x_wconf 88' lang='lat' dir='ltr'>hac</span> <span class='ocrx_word' id='word_1_114' title='bbox 300 1906 423 1969; x_wconf 90' lang='lat' dir='ltr'>ratione</span> <span class='ocrx_word' id='word_1_115' title='bbox 438 1906 647 1990; x_wconf 84' lang='lat' dir='ltr'>colligendam</span> <span class='ocrx_word' id='word_1_116' title='bbox 663 1905 869 1987; x_wconf 89' lang='lat' dir='ltr'>undecunque</span> <span class='ocrx_word' id='word_1_117' title='bbox 885 1906 1061 1986; x_wconf 82' lang='lat' dir='ltr'>pecuniam,</span> <span class='ocrx_word' id='word_1_118' title='bbox 1084 1904 1183 1968; x_wconf 88' lang='lat' dir='ltr'>veluti</span> <span class='ocrx_word' id='word_1_119' title='bbox 1198 1923 1313 1966; x_wconf 86' lang='lat' dir='ltr'>nervos</span> 
     </span>
     <span class='ocr_line' id='line_1_16' title="bbox 160 2006 1312 2092; baseline -0.005 -17"><span class='ocrx_word' id='word_1_120' title='bbox 160 2012 262 2075; x_wconf 85' lang='lat' dir='ltr'>futuri</span> <span class='ocrx_word' id='word_1_121' title='bbox 278 2012 353 2075; x_wconf 90' lang='lat' dir='ltr'>belli</span> <span class='ocrx_word' id='word_1_122' title='bbox 368 2016 433 2075; x_wconf 85' lang='lat' dir='ltr'>tam</span> <span class='ocrx_word' id='word_1_123' title='bbox 451 2011 615 2075; x_wconf 87' lang='lat' dir='ltr'>adversum</span> <span class='ocrx_word' id='word_1_124' title='bbox 627 2009 826 2074; x_wconf 89' lang='lat' dir='ltr'>Lutheranos</span> <span class='ocrx_word' id='word_1_125' title='bbox 839 2031 933 2092; x_wconf 86' lang='lat' dir='ltr'>quarn</span> <span class='ocrx_word' id='word_1_126' title='bbox 945 2009 978 2072; x_wconf 89' lang='lat' dir='ltr'>in</span> <span class='ocrx_word' id='word_1_127' title='bbox 990 2009 1125 2073; x_wconf 85' lang='lat' dir='ltr'>Turcam</span> <span class='ocrx_word' id='word_1_128' title='bbox 1137 2006 1312 2071; x_wconf 84' lang='lat' dir='ltr'>Christiani</span> 
     </span>
     <span class='ocr_line' id='line_1_17' title="bbox 161 2116 456 2181; baseline -0.01 0"><span class='ocrx_word' id='word_1_129' title='bbox 161 2117 300 2181; x_wconf 88' lang='lat' dir='ltr'>nominis</span> <span class='ocrx_word' id='word_1_130' title='bbox 323 2116 456 2180; x_wconf 89' lang='lat' dir='ltr'>hostem.</span> 
     </span>
    </p>

    <p class='ocr_par' dir='ltr' id='par_1_3' title="bbox 159 2217 1311 2409">
     <span class='ocr_line' id='line_1_18' title="bbox 160 2217 1311 2305; baseline -0.006 -20"><span class='ocrx_word' id='word_1_131' title='bbox 160 2221 348 2305; x_wconf 82' lang='lat' dir='ltr'>Compositis</span> <span class='ocrx_word' id='word_1_132' title='bbox 364 2220 464 2304; x_wconf 86' lang='lat' dir='ltr'>igitur</span> <span class='ocrx_word' id='word_1_133' title='bbox 479 2219 581 2295; x_wconf 85' lang='lat' dir='ltr'>bellis,</span> <span class='ocrx_word' id='word_1_134' title='bbox 605 2218 637 2281; x_wconf 93' lang='lat' dir='ltr'>in</span> <span class='ocrx_word' id='word_1_135' title='bbox 653 2217 855 2282; x_wconf 83' lang='lat' dir='ltr'>Germaniam</span> <span class='ocrx_word' id='word_1_136' title='bbox 876 2219 978 2283; x_wconf 90' lang='lat' dir='ltr'>denuo</span> <span class='ocrx_word' id='word_1_137' title='bbox 994 2219 1122 2296; x_wconf 85' lang='lat' dir='ltr'>venisti,</span> <span class='ocrx_word' id='word_1_138' title='bbox 1146 2217 1311 2281; x_wconf 83' lang='lat' dir='ltr'>dissidium</span> 
     </span>
     <span class='ocr_line' id='line_1_19' title="bbox 159 2325 779 2409; baseline -0.006 -19"><span class='ocrx_word' id='word_1_139' title='bbox 159 2326 275 2390; x_wconf 88' lang='lat' dir='ltr'>hocin</span> <span class='ocrx_word' id='word_1_140' title='bbox 299 2325 453 2409; x_wconf 82' lang='lat' dir='ltr'>religione</span> <span class='ocrx_word' id='word_1_141' title='bbox 476 2327 581 2386; x_wconf 85' lang='lat' dir='ltr'>ortum</span> <span class='ocrx_word' id='word_1_142' title='bbox 606 2325 779 2387; x_wconf 84' lang='lat' dir='ltr'>sedaturus.</span> 
     </span>
    </p>

    <p class='ocr_par' dir='ltr' id='par_1_4' title="bbox 726 2444 744 2482">
     <span class='ocr_line' id='line_1_20' title="bbox 726 2444 744 2482; baseline 0 0"><span class='ocrx_word' id='word_1_143' title='bbox 726 2444 744 2482; x_wconf 72' lang='lat' dir='ltr'>a</span> 
     </span>
    </p>

    <p class='ocr_par' dir='ltr' id='par_1_5' title="bbox 159 2531 1312 4081">
     <span class='ocr_line' id='line_1_21' title="bbox 161 2531 1310 2616; baseline -0.003 -18"><span class='ocrx_word' id='word_1_144' title='bbox 161 2534 242 2598; x_wconf 88' lang='lat' dir='ltr'>nach</span> <span class='ocrx_word' id='word_1_145' title='bbox 274 2533 343 2596; x_wconf 91' lang='lat' dir='ltr'>dem</span> <span class='ocrx_word' id='word_1_146' title='bbox 366 2531 586 2596; x_wconf 88' lang='lat' dir='ltr'>Wormischen</span> <span class='ocrx_word' id='word_1_147' title='bbox 617 2532 815 2616; x_wconf 84' lang='lat' dir='ltr'>obgemelten</span> <span class='ocrx_word' id='word_1_148' title='bbox 839 2533 988 2610; x_wconf 70' lang='lat' dir='ltr'>Mandat,</span> <span class='ocrx_word' id='word_1_149' title='bbox 1023 2534 1124 2597; x_wconf 89' lang='lat' dir='ltr'>nehen</span> <span class='ocrx_word' id='word_1_150' title='bbox 1153 2533 1310 2610; x_wconf 84' lang='lat' dir='ltr'>auderem,</span> 
     </span>
     <span class='ocr_line' id='line_1_22' title="bbox 160 2635 1311 2717; baseline -0.003 -16"><span class='ocrx_word' id='word_1_151' title='bbox 160 2637 243 2702; x_wconf 88' lang='lat' dir='ltr'>diser</span> <span class='ocrx_word' id='word_1_152' title='bbox 265 2635 409 2700; x_wconf 86' lang='lat' dir='ltr'>Artickel</span> <span class='ocrx_word' id='word_1_153' title='bbox 432 2635 512 2700; x_wconf 89' lang='lat' dir='ltr'>auch</span> <span class='ocrx_word' id='word_1_154' title='bbox 536 2636 682 2699; x_wconf 89' lang='lat' dir='ltr'>inseriert</span> <span class='ocrx_word' id='word_1_155' title='bbox 705 2636 764 2712; x_wconf 84' lang='lat' dir='ltr'>ist,</span> <span class='ocrx_word' id='word_1_156' title='bbox 797 2637 851 2699; x_wconf 89' lang='lat' dir='ltr'>das</span> <span class='ocrx_word' id='word_1_157' title='bbox 875 2637 942 2701; x_wconf 91' lang='lat' dir='ltr'>sich</span> <span class='ocrx_word' id='word_1_158' title='bbox 965 2659 1063 2700; x_wconf 88' lang='lat' dir='ltr'>ewere</span> <span class='ocrx_word' id='word_1_159' title='bbox 1085 2637 1174 2701; x_wconf 89' lang='lat' dir='ltr'>beide</span> <span class='ocrx_word' id='word_1_160' title='bbox 1197 2636 1311 2717; x_wconf 85' lang='lat' dir='ltr'>Majes-</span> 
     </span>
     <span class='ocr_line' id='line_1_23' title="bbox 160 2739 1312 2817; baseline -0.004 -10"><span class='ocrx_word' id='word_1_161' title='bbox 160 2746 247 2807; x_wconf 88' lang='lat' dir='ltr'>teten</span> <span class='ocrx_word' id='word_1_162' title='bbox 269 2740 462 2817; x_wconf 83' lang='lat' dir='ltr'>verbunden,</span> <span class='ocrx_word' id='word_1_163' title='bbox 485 2740 621 2804; x_wconf 89' lang='lat' dir='ltr'>treulich</span> <span class='ocrx_word' id='word_1_164' title='bbox 645 2740 796 2803; x_wconf 88' lang='lat' dir='ltr'>einander</span> <span class='ocrx_word' id='word_1_165' title='bbox 817 2743 856 2804; x_wconf 79' lang='lat' dir='ltr'>ad</span> <span class='ocrx_word' id='word_1_166' title='bbox 878 2740 1006 2817; x_wconf 82' lang='lat' dir='ltr'>helffen,</span> <span class='ocrx_word' id='word_1_167' title='bbox 1030 2740 1080 2804; x_wconf 92' lang='lat' dir='ltr'>die</span> <span class='ocrx_word' id='word_1_168' title='bbox 1104 2739 1312 2804; x_wconf 83' lang='lat' dir='ltr'>Lutherische</span> 
     </span>
     <span class='ocr_line' id='line_1_24' title="bbox 160 2842 1310 2932; baseline -0.005 -20"><span class='ocrx_word' id='word_1_169' title='bbox 160 2849 341 2932; x_wconf 88' lang='lat' dir='ltr'>verdampte</span> <span class='ocrx_word' id='word_1_170' title='bbox 374 2846 506 2910; x_wconf 85' lang='lat' dir='ltr'>hetzerei</span> <span class='ocrx_word' id='word_1_171' title='bbox 537 2846 601 2908; x_wconf 89' lang='lat' dir='ltr'>und</span> <span class='ocrx_word' id='word_1_172' title='bbox 632 2843 721 2922; x_wconf 78' lang='lat' dir='ltr'>Soet,</span> <span class='ocrx_word' id='word_1_173' title='bbox 758 2848 988 2909; x_wconf 85' lang='lat' dir='ltr'>auszdreutten.</span> <span class='ocrx_word' id='word_1_174' title='bbox 1035 2845 1085 2909; x_wconf 88' lang='lat' dir='ltr'>Da</span> <span class='ocrx_word' id='word_1_175' title='bbox 1112 2845 1170 2910; x_wconf 91' lang='lat' dir='ltr'>hat</span> <span class='ocrx_word' id='word_1_176' title='bbox 1199 2843 1234 2907; x_wconf 83' lang='lat' dir='ltr'>E.</span> <span class='ocrx_word' id='word_1_177' title='bbox 1265 2842 1310 2906; x_wconf 92' lang='grc' dir='ltr'>Μ.</span> 
     </span>
     <span class='ocr_line' id='line_1_25' title="bbox 159 2947 1309 3035; baseline -0.002 -21"><span class='ocrx_word' id='word_1_178' title='bbox 159 2955 229 3016; x_wconf 81' lang='lat' dir='ltr'>adm</span> <span class='ocrx_word' id='word_1_179' title='bbox 253 2953 383 3015; x_wconf 86' lang='lat' dir='ltr'>zweiten</span> <span class='ocrx_word' id='word_1_180' title='bbox 406 2951 468 3013; x_wconf 84' lang='lat' dir='ltr'>mal</span> <span class='ocrx_word' id='word_1_181' title='bbox 493 2948 703 3033; x_wconf 85' lang='lat' dir='ltr'>angelauffcn.</span> <span class='ocrx_word' id='word_1_182' title='bbox 750 2947 814 3013; x_wconf 89' lang='lat' dir='ltr'>Das</span> <span class='ocrx_word' id='word_1_183' title='bbox 844 2971 909 3013; x_wconf 88' lang='lat' dir='ltr'>war</span> <span class='ocrx_word' id='word_1_184' title='bbox 939 2971 1004 3013; x_wconf 91' lang='lat' dir='ltr'>nun</span> <span class='ocrx_word' id='word_1_185' title='bbox 1028 2950 1080 3013; x_wconf 90' lang='lat' dir='ltr'>ein</span> <span class='ocrx_word' id='word_1_186' title='bbox 1103 2970 1228 3035; x_wconf 85' lang='lat' dir='ltr'>grosser</span> <span class='ocrx_word' id='word_1_187' title='bbox 1251 2971 1309 3012; x_wconf 87' lang='lat' dir='ltr'>an·</span> 
     </span>
     <span class='ocr_line' id='line_1_26' title="bbox 159 3051 1309 3139; baseline -0.002 -21"><span class='ocrx_word' id='word_1_188' title='bbox 159 3055 289 3138; x_wconf 83' lang='lat' dir='ltr'>schlag‚</span> <span class='ocrx_word' id='word_1_189' title='bbox 323 3055 377 3117; x_wconf 91' lang='lat' dir='ltr'>der</span> <span class='ocrx_word' id='word_1_190' title='bbox 408 3051 520 3116; x_wconf 89' lang='lat' dir='ltr'>billich</span> <span class='ocrx_word' id='word_1_191' title='bbox 549 3053 640 3116; x_wconf 89' lang='lat' dir='ltr'>einen</span> <span class='ocrx_word' id='word_1_192' title='bbox 665 3053 756 3135; x_wconf 88' lang='lat' dir='ltr'>jeden</span> <span class='ocrx_word' id='word_1_193' title='bbox 780 3052 837 3116; x_wconf 91' lang='lat' dir='ltr'>hat</span> <span class='ocrx_word' id='word_1_194' title='bbox 866 3060 979 3139; x_wconf 72' lang='lat' dir='ltr'>mitgen</span> <span class='ocrx_word' id='word_1_195' title='bbox 1010 3055 1188 3119; x_wconf 85' lang='lat' dir='ltr'>schreoken.</span> <span class='ocrx_word' id='word_1_196' title='bbox 1235 3053 1309 3117; x_wconf 86' lang='lat' dir='ltr'>Wie</span> 
     </span>
     <span class='ocr_line' id='line_1_27' title="bbox 159 3156 1308 3241; baseline -0.001 -20"><span class='ocrx_word' id='word_1_197' title='bbox 159 3159 217 3221; x_wconf 91' lang='lat' dir='ltr'>ists</span> <span class='ocrx_word' id='word_1_198' title='bbox 241 3158 315 3221; x_wconf 89' lang='lat' dir='ltr'>aber</span> <span class='ocrx_word' id='word_1_199' title='bbox 337 3159 488 3241; x_wconf 83' lang='lat' dir='ltr'>gangen?</span> <span class='ocrx_word' id='word_1_200' title='bbox 532 3156 609 3220; x_wconf 84' lang='lat' dir='ltr'>Gott</span> <span class='ocrx_word' id='word_1_201' title='bbox 642 3157 698 3221; x_wconf 90' lang='lat' dir='ltr'>hat</span> <span class='ocrx_word' id='word_1_202' title='bbox 730 3158 780 3221; x_wconf 90' lang='lat' dir='ltr'>die</span> <span class='ocrx_word' id='word_1_203' title='bbox 809 3157 894 3222; x_wconf 86' lang='lat' dir='ltr'>hand</span> <span class='ocrx_word' id='word_1_204' title='bbox 917 3160 1091 3223; x_wconf 89' lang='lat' dir='ltr'>widerumb</span> <span class='ocrx_word' id='word_1_205' title='bbox 1114 3158 1308 3241; x_wconf 87' lang='lat' dir='ltr'>dro[ll]ben</span> 
     </span>
     <span class='ocr_line' id='line_1_28' title="bbox 160 3257 1309 3349; baseline 0.003 -25"><span class='ocrx_word' id='word_1_206' title='bbox 160 3260 319 3346; x_wconf 87' lang='lat' dir='ltr'>gehalten.</span> <span class='ocrx_word' id='word_1_207' title='bbox 365 3259 441 3323; x_wconf 89' lang='lat' dir='ltr'>Dise</span> <span class='ocrx_word' id='word_1_208' title='bbox 463 3263 636 3324; x_wconf 84' lang='lat' dir='ltr'>vermcinte</span> <span class='ocrx_word' id='word_1_209' title='bbox 658 3257 857 3328; x_wconf 73' lang='lat' dir='ltr'>briderliche</span> <span class='ocrx_word' id='word_1_210' title='bbox 879 3265 1052 3349; x_wconf 81' lang='lat' dir='ltr'>einigung,</span> <span class='ocrx_word' id='word_1_211' title='bbox 1075 3265 1132 3327; x_wconf 88' lang='lat' dir='ltr'>hat</span> <span class='ocrx_word' id='word_1_212' title='bbox 1155 3285 1213 3347; x_wconf 85' lang='lat' dir='ltr'>gar</span> <span class='ocrx_word' id='word_1_213' title='bbox 1235 3261 1309 3327; x_wconf 87' lang='lat' dir='ltr'>bald</span> 
     </span>
     <span class='ocr_line' id='line_1_29' title="bbox 160 3366 1310 3453; baseline -0.001 -22"><span class='ocrx_word' id='word_1_214' title='bbox 160 3369 210 3431; x_wconf 91' lang='lat' dir='ltr'>ein</span> <span class='ocrx_word' id='word_1_215' title='bbox 245 3368 305 3430; x_wconf 90' lang='lat' dir='ltr'>end</span> <span class='ocrx_word' id='word_1_216' title='bbox 339 3366 466 3450; x_wconf 85' lang='lat' dir='ltr'>gehabt.</span> <span class='ocrx_word' id='word_1_217' title='bbox 513 3367 620 3431; x_wconf 81' lang='lat' dir='ltr'>Ewrer</span> <span class='ocrx_word' id='word_1_218' title='bbox 655 3368 761 3432; x_wconf 87' lang='lat' dir='ltr'>beider</span> <span class='ocrx_word' id='word_1_219' title='bbox 793 3370 979 3453; x_wconf 88' lang='lat' dir='ltr'>Majesteten</span> <span class='ocrx_word' id='word_1_220' title='bbox 1015 3367 1211 3453; x_wconf 81' lang='lat' dir='ltr'>Kiinigraich</span> <span class='ocrx_word' id='word_1_221' title='bbox 1244 3368 1310 3431; x_wconf 93' lang='lat' dir='ltr'>und</span> 
     </span>
     <span class='ocr_line' id='line_1_30' title="bbox 160 3472 1310 3558; baseline 0 -22"><span class='ocrx_word' id='word_1_222' title='bbox 160 3472 271 3551; x_wconf 85' lang='lat' dir='ltr'>lande,</span> <span class='ocrx_word' id='word_1_223' title='bbox 301 3472 403 3535; x_wconf 90' lang='lat' dir='ltr'>haben</span> <span class='ocrx_word' id='word_1_224' title='bbox 435 3492 468 3534; x_wconf 90' lang='lat' dir='ltr'>so</span> <span class='ocrx_word' id='word_1_225' title='bbox 491 3473 535 3536; x_wconf 87' lang='lat' dir='ltr'>vil</span> <span class='ocrx_word' id='word_1_226' title='bbox 558 3474 618 3536; x_wconf 86' lang='lat' dir='ltr'>mit</span> <span class='ocrx_word' id='word_1_227' title='bbox 640 3474 731 3557; x_wconf 82' lang='lat' dir='ltr'>krieg</span> <span class='ocrx_word' id='word_1_228' title='bbox 754 3475 893 3539; x_wconf 87' lang='lat' dir='ltr'>abermal</span> <span class='ocrx_word' id='word_1_229' title='bbox 916 3478 953 3539; x_wconf 79' lang='lat' dir='ltr'>air</span> <span class='ocrx_word' id='word_1_230' title='bbox 975 3475 1056 3538; x_wconf 78' lang='lat' dir='ltr'>thdn</span> <span class='ocrx_word' id='word_1_231' title='bbox 1080 3473 1218 3558; x_wconf 82' lang='lat' dir='ltr'>gehabt‚</span> <span class='ocrx_word' id='word_1_232' title='bbox 1254 3472 1310 3536; x_wconf 88' lang='lat' dir='ltr'>das</span> 
     </span>
     <span class='ocr_line' id='line_1_31' title="bbox 160 3575 1311 3664; baseline 0 -25"><span class='ocrx_word' id='word_1_233' title='bbox 160 3577 353 3661; x_wconf 83' lang='lat' dir='ltr'>obgemelter</span> <span class='ocrx_word' id='word_1_234' title='bbox 369 3576 522 3655; x_wconf 70' lang='lat' dir='ltr'>Articlreh</span> <span class='ocrx_word' id='word_1_235' title='bbox 546 3579 730 3642; x_wconf 84' lang='lat' dir='ltr'>aaseerhalb</span> <span class='ocrx_word' id='word_1_236' title='bbox 747 3580 816 3644; x_wconf 88' lang='lat' dir='ltr'>dem</span> <span class='ocrx_word' id='word_1_237' title='bbox 832 3579 933 3658; x_wconf 85' lang='lat' dir='ltr'>hrieff,</span> <span class='ocrx_word' id='word_1_238' title='bbox 958 3601 1016 3664; x_wconf 87' lang='lat' dir='ltr'>gar</span> <span class='ocrx_word' id='word_1_239' title='bbox 1031 3578 1121 3642; x_wconf 90' lang='lat' dir='ltr'>nichs</span> <span class='ocrx_word' id='word_1_240' title='bbox 1138 3575 1311 3663; x_wconf 85' lang='lat' dir='ltr'>gewircket</span> 
     </span>
     <span class='ocr_line' id='line_1_32' title="bbox 160 3679 1307 3766; baseline 0.001 -23"><span class='ocrx_word' id='word_1_241' title='bbox 160 3680 225 3744; x_wconf 84' lang='lat' dir='ltr'>hat.</span> <span class='ocrx_word' id='word_1_242' title='bbox 272 3679 344 3742; x_wconf 90' lang='lat' dir='ltr'>Und</span> <span class='ocrx_word' id='word_1_243' title='bbox 368 3680 433 3744; x_wconf 90' lang='lat' dir='ltr'>drei</span> <span class='ocrx_word' id='word_1_244' title='bbox 453 3681 504 3762; x_wconf 85' lang='lat' dir='ltr'>jar</span> <span class='ocrx_word' id='word_1_245' title='bbox 528 3682 685 3758; x_wconf 78' lang='lat' dir='ltr'>demach,</span> <span class='ocrx_word' id='word_1_246' title='bbox 720 3684 767 3746; x_wconf 86' lang='lat' dir='ltr'>als</span> <span class='ocrx_word' id='word_1_247' title='bbox 800 3684 849 3747; x_wconf 91' lang='lat' dir='ltr'>ein</span> <span class='ocrx_word' id='word_1_248' title='bbox 882 3683 979 3747; x_wconf 87' lang='lat' dir='ltr'>ander</span> <span class='ocrx_word' id='word_1_249' title='bbox 1001 3685 1129 3766; x_wconf 84' lang='lat' dir='ltr'>vertrag</span> <span class='ocrx_word' id='word_1_250' title='bbox 1152 3680 1307 3745; x_wconf 80' lang='lat' dir='ltr'>awisohen</span> 
     </span>
     <span class='ocr_line' id='line_1_33' title="bbox 159 3784 1308 3872; baseline 0.001 -25"><span class='ocrx_word' id='word_1_251' title='bbox 159 3784 290 3848; x_wconf 80' lang='lat' dir='ltr'>Eweren</span> <span class='ocrx_word' id='word_1_252' title='bbox 315 3785 501 3868; x_wconf 84' lang='lat' dir='ltr'>Majesteten</span> <span class='ocrx_word' id='word_1_253' title='bbox 525 3787 754 3871; x_wconf 81' lang='lat' dir='ltr'>auffgerichtet‚</span> <span class='ocrx_word' id='word_1_254' title='bbox 777 3789 863 3852; x_wconf 86' lang='lat' dir='ltr'>ward</span> <span class='ocrx_word' id='word_1_255' title='bbox 886 3786 1194 3872; x_wconf 77' lang='lat' dir='ltr'>gemelterArtickel</span> <span class='ocrx_word' id='word_1_256' title='bbox 1216 3785 1308 3849; x_wconf 88' lang='lat' dir='ltr'>aber·</span> 
     </span>
     <span class='ocr_line' id='line_1_34' title="bbox 159 3889 1309 3976; baseline -0.001 -23"><span class='ocrx_word' id='word_1_257' title='bbox 159 3890 224 3954; x_wconf 89' lang='lat' dir='ltr'>mal</span> <span class='ocrx_word' id='word_1_258' title='bbox 248 3890 448 3967; x_wconf 79' lang='lat' dir='ltr'>widerholet‚</span> <span class='ocrx_word' id='word_1_259' title='bbox 471 3892 580 3974; x_wconf 87' lang='lat' dir='ltr'>jadas</span> <span class='ocrx_word' id='word_1_260' title='bbox 604 3891 684 3956; x_wconf 89' lang='lat' dir='ltr'>auch</span> <span class='ocrx_word' id='word_1_261' title='bbox 707 3893 784 3956; x_wconf 77' lang='lat' dir='ltr'>dard</span> <span class='ocrx_word' id='word_1_262' title='bbox 807 3894 961 3976; x_wconf 67' lang='lat' dir='ltr'>geschot,</span> <span class='ocrx_word' id='word_1_263' title='bbox 989 3891 1044 3954; x_wconf 87' lang='lat' dir='ltr'>das</span> <span class='ocrx_word' id='word_1_264' title='bbox 1066 3900 1140 3956; x_wconf 86' lang='lat' dir='ltr'>man</span> <span class='ocrx_word' id='word_1_265' title='bbox 1165 3890 1214 3952; x_wconf 89' lang='lat' dir='ltr'>bei</span> <span class='ocrx_word' id='word_1_266' title='bbox 1238 3889 1309 3953; x_wconf 91' lang='lat' dir='ltr'>dem</span> 
     </span>
     <span class='ocr_line' id='line_1_35' title="bbox 161 3993 1309 4081; baseline -0.001 -23"><span class='ocrx_word' id='word_1_267' title='bbox 161 3994 260 4079; x_wconf 86' lang='lat' dir='ltr'>Bapst</span> <span class='ocrx_word' id='word_1_268' title='bbox 277 3995 326 4058; x_wconf 91' lang='lat' dir='ltr'>die</span> <span class='ocrx_word' id='word_1_269' title='bbox 337 3993 514 4059; x_wconf 86' lang='lat' dir='ltr'>Cruciatam</span> <span class='ocrx_word' id='word_1_270' title='bbox 531 3997 681 4079; x_wconf 84' lang='lat' dir='ltr'>erlangen</span> <span class='ocrx_word' id='word_1_271' title='bbox 698 3997 769 4073; x_wconf 87' lang='lat' dir='ltr'>solt,</span> <span class='ocrx_word' id='word_1_272' title='bbox 794 3996 861 4081; x_wconf 79' lang='lat' dir='ltr'>geli</span> <span class='ocrx_word' id='word_1_273' title='bbox 876 4001 914 4060; x_wconf 84' lang='lat' dir='ltr'>zd</span> <span class='ocrx_word' id='word_1_274' title='bbox 930 3996 1059 4075; x_wconf 77' lang='lat' dir='ltr'>samlmr,</span> <span class='ocrx_word' id='word_1_275' title='bbox 1077 3996 1148 4059; x_wconf 88' lang='lat' dir='ltr'>dem</span> <span class='ocrx_word' id='word_1_276' title='bbox 1163 3995 1309 4059; x_wconf 76' lang='lat' dir='ltr'>Tiirclren</span> 
     </span>
    </p>
   </div>
   <div class='ocr_carea' id='block_1_3' title="bbox 51 4099 1310 4185">
    <p class='ocr_par' dir='ltr' id='par_1_6' title="bbox 51 4099 1310 4185">
     <span class='ocr_line' id='line_1_36' title="bbox 51 4099 1310 4185; baseline 0.002 -23"><span class='ocrx_word' id='word_1_277' title='bbox 51 4140 63 4173; x_wconf 62' lang='lat' dir='ltr'>r</span> <span class='ocrx_word' id='word_1_278' title='bbox 159 4099 349 4162; x_wconf 85' lang='lat' dir='ltr'>widcrstand</span> <span class='ocrx_word' id='word_1_279' title='bbox 372 4103 410 4163; x_wconf 81' lang='lat' dir='ltr'>nri</span> <span class='ocrx_word' id='word_1_280' title='bbox 432 4100 523 4178; x_wconf 78' lang='lat' dir='ltr'>thim,</span> <span class='ocrx_word' id='word_1_281' title='bbox 547 4100 613 4163; x_wconf 89' lang='lat' dir='ltr'>und</span> <span class='ocrx_word' id='word_1_282' title='bbox 635 4100 685 4163; x_wconf 91' lang='lat' dir='ltr'>die</span> <span class='ocrx_word' id='word_1_283' title='bbox 707 4100 813 4163; x_wconf 85' lang='lat' dir='ltr'>hetzer</span> <span class='ocrx_word' id='word_1_284' title='bbox 835 4104 874 4165; x_wconf 83' lang='lat' dir='ltr'>ad</span> <span class='ocrx_word' id='word_1_285' title='bbox 896 4101 1049 4185; x_wconf 84' lang='lat' dir='ltr'>zwingen.</span> <span class='ocrx_word' id='word_1_286' title='bbox 1081 4100 1146 4165; x_wconf 89' lang='lat' dir='ltr'>Das</span> <span class='ocrx_word' id='word_1_287' title='bbox 1167 4099 1209 4164; x_wconf 89' lang='lat' dir='ltr'>ist</span> <span class='ocrx_word' id='word_1_288' title='bbox 1230 4100 1310 4164; x_wconf 90' lang='lat' dir='ltr'>eben</span> 
     </span>
    </p>
   </div>
   <div class='ocr_carea' id='block_1_4' title="bbox 160 4202 1308 4389">
    <p class='ocr_par' dir='ltr' id='par_1_7' title="bbox 160 4202 1308 4389">
     <span class='ocr_line' id='line_1_37' title="bbox 160 4202 847 4290; baseline 0.006 -26"><span class='ocrx_word' id='word_1_289' title='bbox 160 4202 263 4286; x_wconf 82' lang='lat' dir='ltr'>heftig</span> <span class='ocrx_word' id='word_1_290' title='bbox 284 4206 391 4286; x_wconf 82' lang='lat' dir='ltr'>gemtg</span> <span class='ocrx_word' id='word_1_291' title='bbox 414 4204 464 4267; x_wconf 86' lang='lat' dir='ltr'>uff</span> <span class='ocrx_word' id='word_1_292' title='bbox 483 4205 533 4268; x_wconf 91' lang='lat' dir='ltr'>die</span> <span class='ocrx_word' id='word_1_293' title='bbox 555 4207 627 4270; x_wconf 89' lang='lat' dir='ltr'>sach</span> <span class='ocrx_word' id='word_1_294' title='bbox 652 4206 847 4290; x_wconf 83' lang='lat' dir='ltr'>gedrungen.</span> 
     </span>
     <span class='ocr_line' id='line_1_38' title="bbox 247 4305 1308 4389; baseline 0.005 -21"><span class='ocrx_word' id='word_1_295' title='bbox 247 4305 353 4370; x_wconf 86' lang='lat' dir='ltr'>Disem</span> <span class='ocrx_word' id='word_1_296' title='bbox 367 4308 460 4371; x_wconf 91' lang='lat' dir='ltr'>allem</span> <span class='ocrx_word' id='word_1_297' title='bbox 476 4310 566 4387; x_wconf 85' lang='lat' dir='ltr'>nach,</span> <span class='ocrx_word' id='word_1_298' title='bbox 584 4310 627 4373; x_wconf 87' lang='lat' dir='ltr'>ist</span> <span class='ocrx_word' id='word_1_299' title='bbox 642 4311 677 4373; x_wconf 85' lang='lat' dir='ltr'>E.</span> <span class='ocrx_word' id='word_1_300' title='bbox 692 4311 734 4374; x_wconf 93' lang='lat' dir='ltr'>M.</span> <span class='ocrx_word' id='word_1_301' title='bbox 750 4310 891 4374; x_wconf 85' lang='lat' dir='ltr'>&#39;abermal</span> <span class='ocrx_word' id='word_1_302' title='bbox 907 4312 941 4375; x_wconf 92' lang='lat' dir='ltr'>in</span> <span class='ocrx_word' id='word_1_303' title='bbox 954 4311 1168 4376; x_wconf 85' lang='lat' dir='ltr'>Teutschland</span> <span class='ocrx_word' id='word_1_304' title='bbox 1182 4310 1308 4389; x_wconf 79' lang='lat' dir='ltr'>homan,</span> 
     </span>
    </p>
   </div>
   <div class='ocr_carea' id='block_1_5' title="bbox 160 4409 946 4499">
    <p class='ocr_par' dir='ltr' id='par_1_8' title="bbox 160 4409 946 4499">
     <span class='ocr_line' id='line_1_39' title="bbox 160 4409 946 4499; baseline 0.008 -25"><span class='ocrx_word' id='word_1_305' title='bbox 160 4409 217 4474; x_wconf 89' lang='lat' dir='ltr'>hat</span> <span class='ocrx_word' id='word_1_306' title='bbox 239 4410 414 4493; x_wconf 84' lang='lat' dir='ltr'>obgemelte</span> <span class='ocrx_word' id='word_1_307' title='bbox 437 4412 510 4476; x_wconf 85' lang='lat' dir='ltr'>sach</span> <span class='ocrx_word' id='word_1_308' title='bbox 534 4414 707 4479; x_wconf 85' lang='lat' dir='ltr'>widemmh</span> <span class='ocrx_word' id='word_1_309' title='bbox 729 4413 946 4499; x_wconf 78' lang='lat' dir='ltr'>fiirgenomen.</span> 
     </span>
    </p>
   </div>
   <div class='ocr_carea' id='block_1_6' title="bbox 0 0 1434 5054">
    <p class='ocr_par' dir='ltr' id='par_1_9' title="bbox 0 0 1434 5054">
     <span class='ocr_line' id='line_1_40' title="bbox 0 0 1434 5054; baseline 0 0"><span class='ocrx_word' id='word_1_310' title='bbox 0 0 1434 5054; x_wconf 95' lang='lat' dir='ltr'> </span> 
     </span>
    </p>
   </div>
  </div>
 </body>
</html>
