2858 5054
717 359 779 421 206

174 521 314 591 Siciliam
338 528 516 607 amitteres,
551 551 588 594 ao
609 551 674 595 non
697 530 801 594 solum
829 552 928 615 regno
950 532 1180 619 Neapolitano,
1210 538 1269 600 'sed
1292 543 1326 604 et

173 631 270 697 Italia
291 653 418 716 prorsus
441 635 607 698 exuereris.
653 633 695 698 Et
724 656 904 717 quanquam
937 638 976 701 ab
1005 660 1040 702 eo
1071 644 1179 722 postea
1207 640 1325 705 foedere

173 737 324 814 discessit,
348 739 470 801 detecta
493 739 718 822 conjuratione,
742 744 858 818 tamen,
883 763 924 804 na
948 742 1022 825 quid
1046 743 1185 807 alienum
1208 768 1323 828 apon-

174 842 272 908 tificio
293 864 380 906 more
396 842 529 920 faceret,
552 843 667 907 vulnus
688 844 807 928 inflixit
830 846 900 908 orbi
922 845 1103 912 Christiano
1126 848 1220 933 longe
1248 871 1323 934 gre-

172 947 346 1024 vissimum
370 947 454 1030 quod
477 970 516 1012 ne
539 948 631 1012 hodie
654 949 781 1032 quidem
804 955 947 1015 curatum
967 955 1023 1015 est.
1054 952 1136 1016 Nam
1155 955 1220 1037 ejus
1236 954 1322 1033 belli,

173 1051 256 1135 quod
279 1051 363 1116 inter
386 1056 417 1116 te
440 1052 613 1137 Galliaeque
636 1075 742 1139 regem
766 1059 822 1132 est,
846 1059 955 1120 auctor
978 1056 1032 1120 ille
1055 1057 1134 1135 fuit,
1167 1064 1322 1141 quantum

174 1156 206 1220 in
230 1156 300 1240 ipso
322 1161 399 1221 erat.
445 1156 514 1233 Quo
536 1158 570 1221 in
593 1158 677 1223 bello
708 1161 835 1223 tametsi
864 1161 1046 1225 fortunatus
1074 1162 1225 1240 extitisti,
1260 1164 1323 1227 fuit

174 1266 282 1326 tamen
298 1262 375 1325 illud
392 1263 563 1325 excitatum
576 1261 616 1325 ab
632 1284 668 1326 eo
685 1263 841 1348 singulari
857 1265 991 1347 quadam
1005 1266 1170 1330 industria.
1194 1264 1320 1353 Praevi-l

173 1369 268 1434 debat
290 1369 374 1431 enim
398 1368 553 1446 futurum,
577 1373 613 1432 ut
636 1367 731 1432 semel
753 1368 935 1433 inchoatum
957 1370 1119 1434 dissidium
1144 1370 1227 1436 inter
1243 1372 1322 1436 dnos

172 1472 409 1558 potentissimos
432 1494 521 1557 reges
545 1472 729 1536 diuturnum
753 1476 852 1550 esset,
877 1495 977 1556 neque
1000 1475 1087 1538 brevi
1110 1475 1215 1558 aliquo
1238 1480 1320 1540 tem·

173 1598 249 1661 pore
271 1577 426 1641 finiretur.
462 1575 603 1640 Putabat
624 1574 684 1640 hoo
706 1577 771 1640 suis
797 1576 972 1641 rationibus
995 1580 1097 1642 multo
1120 1579 1221 1663 magis
1244 1601 1320 1644 oon·

173 1683 281 1747 venire
312 1704 407 1766 quam
437 1682 574 1746 indicere
602 1680 764 1764 publicum
795 1682 881 1746 orbis
912 1683 1098 1761 concilium,
1131 1684 1213 1766 quod
1245 1688 1321 1748 tunc

172 1787 363 1873 flagitabant
386 1809 512 1866 omnes,
542 1808 578 1851 ao
607 1787 640 1849 iu
671 1788 782 1870 primis
803 1788 1013 1851 necessarium
1043 1810 1108 1852 esse
1136 1788 1321 1870 judicabant

171 1892 213 1956 ob
236 1892 318 1957 hane
339 1893 452 1977 ipsam,
476 1913 545 1975 quae
568 1913 653 1956 nuno
675 1914 799 1976 quoque
821 1893 1084 1971 controvertitur,
1110 1897 1141 1957 et
1164 1897 1241 1956 tuno
1263 1894 1319 1957 ad-

171 1997 233 2063 hue
255 2020 362 2064 reeens
390 2002 475 2075 erat,
508 1996 672 2082 religionis
700 2019 836 2063 eausam.
882 1996 924 2060 nt
946 2019 1021 2062 sane
1044 1998 1215 2081 prudenter
1238 1997 1320 2063 hane

171 2105 328 2170 rationem
352 2105 476 2180 inierat,
500 2125 557 2167 neo
579 2103 738 2166 aberravit
752 2103 792 2166 ab
808 2123 854 2180 eo,
878 2123 972 2185 quem
987 2105 1191 2185 spectaverat,
1215 2124 1318 2186 scopo.

259 2209 333 2274 Nou
355 2209 456 2273 nescis
479 2209 590 2285 etiam,
614 2205 731 2285 Gaesar,
756 2202 1017 2291 quemadmodum
1041 2230 1059 2270 a
1081 2211 1183 2271 morte
1206 2206 1320 2271 Leonis

172 2316 206 2380 in
229 2316 334 2379 eodem
360 2313 442 2377 bello
464 2334 498 2376 se
520 2312 653 2396 gesserit
675 2311 819 2376 Clemens
842 2311 987 2395 pontifex
1006 2334 1081 2397 erga
1097 2318 1137 2390 te,
1162 2313 1319 2395 quomodo

171 2421 349 2497 nutaverit,
373 2420 529 2503 quomodo
552 2418 672 2482 duabus
694 2418 864 2500 aliquando
887 2418 972 2482 sellis
994 2417 1127 2494 sederit,
1151 2438 1245 2498 quam
1268 2417 1319 2480 in-

171 2525 285 2590 sidiose
308 2536 411 2588 tecum
433 2525 545 2608 egerit,
568 2523 651 2606 quod
674 2523 774 2588 foedus
798 2525 995 2607 percusserit,
1019 2524 1175 2606 quomodo
1199 2522 1317 2586 bellum

171 2630 232 2695 tibi
255 2630 453 2694 denuntiarit
474 2629 608 2713 epistola
629 2628 765 2692 multum
788 2629 887 2693 atroci
910 2634 942 2692 et
975 2628 1069 2712 plena
1102 2628 1318 2711 exprobratio-

171 2757 266 2813 num,
303 2735 458 2818 quomodo
491 2733 607 2798 libellis
637 2735 730 2798 editis
760 2756 875 2798 nomen
898 2736 988 2797 tuum
1012 2738 1107 2816 atque
1129 2733 1246 2795 famam
1269 2731 1316 2796 la·

735 2855 753 2893 a

172 2943 245 3010 Und
267 2945 386 3010 wiewol
409 2966 442 3009 es
466 2942 500 3007 Ε.
525 2944 568 3008 Μ.
592 2944 638 3006 im
660 2943 767 3007 selben
790 2943 882 3027 krieg
904 2937 1054 3026 gldolret,
1089 2963 1123 3005 so
1146 2941 1224 3005 hats.
1241 2940 1319 3003 den·

171 3050 254 3114 nooh
286 3048 349 3113 Leo
385 3049 495 3112 keiner
532 3049 668 3112 anderen
702 3048 855 3132 meinung
892 3046 1032 3132 gethon,
1071 3047 1153 3110 daun
1192 3046 1247 3109 das
1284 3067 1318 3108 er

172 3153 232 3217 wol
254 3153 349 3218 wisste
371 3153 604 3217 euszdreehnen
628 3153 710 3216 diser
733 3152 844 3236 krieg,
876 3152 923 3216 als
955 3151 1108 3215 zwisohen
1139 3151 1254 3214 zweieu
1283 3171 1328 3213 so·

171 3277 245 3341 gros
268 3257 447 3341 mechtigen
468 3257 601 3335 herren,
623 3258 730 3320 wfirde
752 3256 834 3321 nooh
858 3258 891 3321 in
914 3257 998 3321 vilen
1018 3258 1126 3340 jaren,
1160 3256 1235 3319 kein
1257 3258 1319 3320 end

170 3367 285 3447 mogon
308 3384 432 3426 nemen.
479 3362 551 3426 Und
574 3363 628 3426 das
653 3363 706 3439 im,
730 3362 812 3427 auch
834 3364 953 3426 seinem
975 3363 1064 3440 sul,
1088 3362 1136 3425 dis
1157 3362 1190 3443 ja
1212 3361 1319 3445 gleioh

171 3467 243 3550 [42]
265 3488 369 3551 weger
392 3467 456 3529 und
480 3465 656 3530 niitnlioher
677 3488 752 3541 war,
778 3468 862 3531 dann
886 3468 937 3530 ein
961 3465 1156 3544 Concilium,
1185 3465 1239 3528 das
1262 3465 1319 3528 da·

170 3572 274 3636 zdmal
296 3594 357 3636 von
380 3593 487 3656 wegen
513 3572 595 3635 diser
617 3572 758 3656 ietziger,
781 3573 845 3635 und
869 3573 908 3634 da
932 3571 1064 3636 newlioh
1082 3570 1319 3655 angesangener

169 3677 251 3754 lere,
275 3676 436 3762 gefordert
456 3677 576 3754 warde,
599 3676 857 3741 auszdsohreiben
880 3678 944 3740 und
967 3681 1005 3741 ab
1031 3676 1149 3740 halten.
1195 3673 1238 3736 Es
1261 3673 1320 3737 hat

170 3781 214 3844 im
237 3782 317 3846 auch
339 3803 380 3844 an
403 3782 507 3846 seiner
528 3781 693 3866 reohnung
715 3802 774 3866 gar
796 3781 846 3844 nit
868 3781 994 3865 gesalet.

257 3884 467 3969 Dergleichen
498 3886 572 3949 weis
595 3884 630 3948 Ε.
655 3885 698 3950 M.
731 3907 783 3949 am
812 3885 940 3963 besten,
973 3886 1032 3949 wie
1064 3886 1130 3948 sich
1167 3883 1318 3967 volgeuds

169 3989 269 4073 Bapst
291 3988 435 4054 Clemens
458 3991 502 4053 im
524 3990 632 4054 selben
655 3990 755 4075 krieg,
779 4011 880 4075 gegen
904 3989 940 4052 E.
964 3990 1008 4053 Μ.
1033 3989 1178 4073 erzeiget
1202 3989 1262 4052 wie
1283 4009 1318 4050 er

169 4095 228 4160 offt
249 4094 454 4179 gewanokelt‚
478 4094 558 4158 auch
579 4094 648 4158 auff
668 4095 777 4158 beiden
801 4095 901 4158 seiten
917 4093 1111 4178 gesohliffen,
1135 4092 1199 4156 und
1215 4091 1318 4155 einem

165 4200 258 4284 jeden
280 4199 362 4264 theil
383 4202 460 4284 grite
481 4204 563 4263 wort
586 4198 687 4285 geben
710 4199 784 4276 hat,
816 4200 875 4264 wie
898 4221 933 4263 er
955 4221 1026 4262 zum
1048 4199 1180 4276 letsten,
1211 4195 1246 4281 Ε.
1271 4196 1316 4261 Μ.

169 4305 229 4369 den
245 4304 448 4391 kriegszettel
463 4304 651 4383 zdschioket‚
669 4304 733 4368 und
749 4304 952 4370 feindsohefft
967 4303 1186 4388 verldindiget.
1222 4300 1316 4379 Item,

170 4409 228 4478 wie
250 4409 286 4478 E.
310 4413 354 4478 M.
379 4414 454 4478 inen
475 4434 531 4476 aus
554 4412 610 4476 dor
631 4410 817 4496 gefenoknis
838 4411 900 4476 frei
922 4411 1042 4498 geben,
1075 4409 1141 4473 und
1163 4409 1198 4471 in
1220 4407 1318 4471 aliem
