2858 5054
605 358 608 362 ,
707 310 726 370 5

151 485 256 568 gatus,
281 481 486 566 tyrannicum
509 501 593 557 esse,
628 502 729 563 neque
763 480 839 557 vim
862 480 958 543 ullam
994 479 1119 545 habere.
1165 479 1207 545 Et
1234 480 1301 546 haec

149 586 278 671 quidem
301 589 349 651 est
363 585 538 670 possserion
562 585 651 649 illam
667 607 752 670 ergo,
777 585 852 668 quia
871 589 1012 668 tempore
1028 586 1115 668 prior
1130 588 1186 663 est,
1211 589 1300 650 ante·

149 691 250 776 posui,
274 689 462 775 quibusdam
485 690 518 753 in
543 711 579 753 ea
601 690 732 753 mutatis
756 693 788 754 et
810 689 958 774 adjectiS‚
989 690 1029 754 ob
1054 711 1108 768 ea,
1144 711 1214 772 quae
1236 712 1299 754 non

147 795 196 859 ita
217 794 340 879 pridem
363 794 396 857 in
419 792 501 857 hanc
523 815 647 857 causam
671 793 859 858 inciderunt.
898 791 1052 858 caeterum
1075 817 1120 871 ea,
1145 815 1213 877 quae
1227 815 1300 877 per·

149 899 255 962 ssinent
277 898 316 963 ad
338 898 501 982 pactiones
523 903 555 962 eb
578 921 627 963 res
649 903 753 984 gestas
777 921 887 983 regum
911 903 943 963 et
961 900 1160 982 ponhifieum‚
1183 899 1301 963 nostris

149 1003 326 1088 praesertim
356 1003 571 1085 temporibus,
608 1003 709 1086 petita
740 1007 815 1067 sunt
849 1026 887 1067 ex
918 1002 993 1086 ipsis
1022 1025 1131 1088 regum
1162 1004 1299 1088 scriptis,

150 1129 285 1191 quorum
308 1106 415 1191 aliqua
437 1109 512 1170 sunt
534 1128 646 1170 excusa
669 1107 772 1191 typiS‚
797 1107 868 1186 alia,
893 1107 969 1171 lieet
992 1108 1131 1172 nondum
1155 1108 1298 1193 promul·

148 1216 225 1297 gata
246 1212 329 1291 sint,
360 1213 464 1295 ipsum
497 1215 602 1276 hamel]
633 1211 766 1276 fortasse
798 1216 920 1296 tempus
955 1213 1126 1296 aliquando
1148 1213 1297 1297 proferet.

148 1315 225 1381 Haee
258 1320 349 1394 sunt,
393 1316 431 1380 de
463 1317 577 1399 quibus
618 1321 650 1381 te
692 1317 1034 1383 commonefaeiendum
1069 1340 1152 1397 esse,
1186 1320 1295 1396 lector,

148 1420 268 1506 putavi.
326 1420 415 1486 Vale.
469 1420 698 1507 Ατςθηῒοταῐί,
739 1423 875 1506 septimo
911 1423 1057 1487 calendas
1094 1422 1115 1488 J
1118 1423 1174 1487 ulii
1210 1445 1294 1488 anno

148 1523 373 1593 M.D.XLIIII.

716 1685 733 1725 *
804 1652 807 1659 .

147 1820 229 1892 [Der
262 1822 477 1892 spanische
505 1823 738 1878 fibersetzer
762 1841 782 1876 s.
803 1824 854 1878 114
881 1843 956 1879 zum
980 1824 1140 1879 bericht
1168 1842 1212 1879 an
1240 1823 1298 1879 die

583 1911 863 1981 reichsststndez]

224 2031 352 2087 Sumario
374 2030 408 2087 de
432 2030 498 2088 todo
516 2033 545 2089 lo
564 2034 711 2090 contenido
735 2050 770 2088 en
787 2034 817 2088 la
834 2033 1018 2089 informacion
1034 2053 1053 2103 y
1071 2034 1182 2090 oracion
1200 2053 1254 2104 que
1272 2053 1301 2091 se

147 2135 235 2190 elgae.

218 2206 270 2261 Del
287 2205 384 2276 origen
402 2225 421 2275 y
439 2204 609 2263 nacimiento
626 2207 672 2263 del
691 2207 863 2266 Pontificado
881 2210 1024 2276 Romano,
1052 2228 1071 2278 y
1095 2208 1130 2264 de
1154 2227 1231 2266 como
1260 2211 1298 2267 ha

146 2293 203 2363 ydo
221 2293 363 2350 creciendo
380 2313 413 2348 su
431 2293 582 2350 autoridad
598 2314 617 2364 y
634 2296 765 2365 potencia
784 2314 834 2353 con
857 2298 899 2353 los
923 2297 1059 2368 tiempos:
1087 2316 1106 2366 y
1124 2314 1178 2366 que
1198 2298 1241 2354 tal
1259 2299 1297 2354 ha

146 2383 243 2438 deser
261 2383 288 2438 el
305 2383 344 2438 fin
361 2401 414 2454 que
431 2385 469 2438 ha
487 2383 522 2438 de
539 2386 626 2439 tener.
663 2385 759 2441 Donde
777 2405 828 2456 por
846 2387 876 2441 la
894 2403 993 2456 mayor
1015 2387 1098 2455 parte
1117 2401 1145 2439 se
1163 2385 1298 2441 declaran

145 2471 265 2542 algunos
283 2469 408 2526 oraculos
426 2469 460 2526 de
477 2472 507 2526 la
526 2471 623 2527 divina
641 2472 816 2544 Escn'ptura,
843 2493 894 2545 por
918 2476 960 2531 los
984 2474 1081 2543 quales
1100 2473 1219 2528 estavan
1236 2491 1297 2527 mu·

145 2559 210 2614 ehoe
228 2558 347 2628 tiempoe
365 2559 403 2612 ha
421 2559 516 2614 dichas
528 2579 547 2629 y
560 2560 778 2630 Prophetizadas
796 2564 871 2616 estas
890 2580 979 2618 cosas:
1005 2560 1068 2614 Dan
1088 2577 1116 2614 se
1135 2559 1297 2615 ansimismo

144 2645 282 2702 remedios
298 2663 318 2714 y
336 2647 492 2712 oonsuelos,
519 2648 553 2703 de
577 2649 618 2704 los
644 2650 740 2719 quales
764 2651 832 2706 deve
850 2651 884 2706 de
903 2668 968 2705 usar
986 2649 1053 2705 todo
1071 2648 1116 2703 fiel
1135 2647 1296 2704 Christiano

145 2750 181 2788 en
200 2735 272 2788 estos
291 2733 410 2804 tiempos
428 2737 480 2790 tan
497 2736 585 2793 llenos
605 2737 639 2791 de
651 2738 840 2793 calamidades
858 2756 878 2807 y
897 2737 1031 2806 trabajos,
1050 2753 1122 2806 para
1140 2753 1176 2790 no
1194 2735 1297 2790 dessal-

145 2821 231 2885 lecer,
250 2820 311 2877 sino
329 2824 409 2877 antes
426 2840 588 2893 perseverat
607 2825 847 2880 constantemente
865 2841 900 2878 en
918 2823 948 2878 la
967 2823 994 2877 fe
1012 2821 1132 2891 delHijo
1147 2821 1297 2890 Unigenito

145 2908 180 2964 de
198 2907 272 2964 Dios.
