2858 5054
238 1407 351 1462 Sleidan
372 1425 410 1462 an
428 1407 485 1462 Jae.
504 1406 600 1461 Sturm
619 1409 652 1464 13
671 1407 753 1477 April
773 1408 839 1462 1545
858 1406 964 1475 (Brem·
982 1406 1040 1459 und
1054 1406 1203 1464 Verdische
1224 1409 1322 1465 biblio-

169 1494 254 1557 thek,
284 1497 294 1547 l
317 1493 368 1547 bds
387 1495 403 1547 2
422 1493 514 1557 stiick,
542 1492 691 1562 Hamburg
710 1493 791 1556 1753,
817 1493 933 1561 s.108):
969 1491 1051 1548 Certo
1078 1494 1204 1548 delatum
1222 1497 1265 1548 555
1283 1496 1321 1550 ad

167 1599 229 1645 me,
261 1581 399 1636 Caesarem
419 1579 592 1634 intellexisse
618 1579 652 1634 de
676 1579 850 1635 orationibus
867 1579 935 1634 meis
953 1579 1068 1645 1551515,
1096 1583 1125 1636 55
1142 1581 1320 1637 vehementer

167 1670 251 1725 fuisse
269 1673 446 1726 commotum.
483 1669 616 1724 Malevoli
635 1670 738 1725 vocant
756 1669 885 1724 libellum
903 1669 1055 1732 famosum,
1082 1667 1129 1721 sed
1152 1668 1183 1722 in
1201 1686 1233 1724 55
1251 1670 1321 1722 5151

165 1756 275 1811 faciunt
292 1756 434 1826 injuriam,
454 1759 482 1812 et
501 1756 555 1812 scio
573 1756 622 1810 ubi
640 1757 732 1812 lateat
750 1755 903 1812 famositas.
934 1756 1039 1810 Verum
1056 1754 1319 1810 MiltitziusWitte-
1400 1758 1402 1761 ’

166 1843 255 1912 berga
269 1842 379 1912 scripsit
391 1843 427 1898 ad
441 1843 598 1910 Crotonem,
618 1842 753 1913 scriptum
764 1842 838 1898 illud
849 1860 943 1898 meum
955 1860 1058 1911 magno
1078 1843 1217 1912 applausu
1235 1843 1319 1897 fuisse
1370 1836 1387 1850 '⁸

170 1929 246 1999 apud
264 1929 338 1999 ipsos
359 1932 512 2000 exceptum,
532 1929 600 1985 adeo
618 1929 731 1999 quidem
749 1932 782 1984 ut
800 1930 946 1994 Lutherus,
965 1928 1014 1998 qui
1032 1929 1062 1982 id
1079 1929 1154 1984 idem
1172 1947 1320 2000 argumen-

166 2020 229 2071 tum
246 2017 304 2072 fere
322 2018 475 2082 tractavit,
497 2017 638 2083 fateatur,
664 2035 692 2072 se
710 2017 779 2074 meis
799 2017 972 2073 orationibus
991 2017 1121 2086 adjutum
1139 2034 1205 2072 esse.
1242 2017 1320 2082 Quod

166 2103 280 2172 quidem
297 2104 374 2158 illius
392 2103 447 2158 viri
462 2105 599 2173 judicium
617 2123 669 2175 ego
687 2107 744 2162 5551
762 2106 877 2162 Caesaris
895 2107 968 2161 aulae
987 2107 1141 2174 antepono,
1168 2108 1197 2160 55
1221 2105 1251 2158 15
1269 2106 1320 2158 555

165 2190 263 2260 tuique
281 2190 416 2246 similium
433 2191 557 2247 virorum
576 2192 701 2247 amicitia
719 2196 748 2248 55
766 2193 923 2264 patrocinio
941 2193 1063 2247 libenter
1082 2192 1264 2261 acquiescam.

238 2279 284 2332 An
302 2277 436 2334 05511551
461 2279 499 2332 du
517 2278 617 2349 Bellay
638 2281 671 2334 14
689 2281 748 2336 1151
771 2283 837 2337 1545
861 2280 1070 2351 (Forschungen
1092 2296 1144 2332 aur
1166 2278 1316 2333 deutschen

166 2365 331 2436 geschichte,
352 2366 388 2420 bd
408 2368 449 2421 10.
470 2368 547 2422 1870.
565 2385 585 2420 5.
607 2369 683 2437 llll:
713 2367 900 2439 Opuseulum,
919 2367 994 2436 quod
1011 2367 1111 2435 hyeme
1129 2365 1265 2434 superiori
1282 2365 1319 2419 ad

165 2455 195 2506 te
212 2450 284 2515 misi,
303 2469 439 2522 magnum
457 2452 552 2507 odium
570 2453 640 2507 mihi
653 2454 814 2510 conciliavit
826 2454 901 2524 apud
914 2453 1056 2517 Caesarem,
1075 2453 1123 2506 sed
1141 2454 1243 2522 praeter
1261 2451 1319 2519 cpi·

166 2539 278 2594 5155515
296 2538 368 2592 nihil
387 2539 497 2604 accidit,
516 2542 545 2594 et
562 2541 653 2597 multo
672 2541 761 2611 pluris
778 2541 850 2597 facio
868 2541 955 2610 ipsius
973 2539 1089 2594 Lutheri
1104 2538 1249 2608 judicium,
1268 2537 1317 2605 qui

165 2625 249 2695 longe
267 2643 343 2681 secus
361 2626 395 2680 de
413 2644 444 2682 55
462 2629 665 2697 pronuntiavit,
684 2631 717 2684 55
735 2629 790 2683 huc
806 2628 991 2698 perscriptum
1010 2629 1060 2682 555.
