2858 5054
715 365 777 426 104

166 542 220 606 sed
243 541 277 604 in
300 539 411 624 primis
434 542 465 602 et
489 538 659 622 diligenter
682 537 879 600 laboraturos
902 536 985 617 apud
1000 535 1154 601 Oaesarem
1177 535 1317 620 aliosque

166 666 272 730 reges,
295 647 332 706 ut
354 641 534 726 impediatis
558 662 642 717 eam,
668 638 930 723 quemadmodum
953 638 1105 704 haetenus
1128 639 1238 704 fecisse
1261 663 1317 705 vos

166 754 198 814 et
219 749 308 814 illam
332 746 532 830 impedirisse
558 745 701 829 plerique
717 744 914 808 confirmant.
947 743 1020 808 Jam
1036 767 1109 809 vero
1133 767 1182 808 res
1199 750 1316 810 nostrae

165 854 211 918 sic
242 853 379 928 habent,
413 853 450 913 ut
482 849 657 914 necessario
686 849 787 912 multa
819 848 885 911 sint
917 847 1009 911 aliter
1040 849 1261 914 constituenda
1284 855 1316 914 et

166 957 326 1033 mutanda,
349 976 457 1018 omnes
481 955 577 1018 etiam
596 953 715 1037 judicio
739 952 865 1035 praediti
887 952 932 1016 sic
954 953 1154 1032 existimant,
1178 958 1234 1019 aut
1255 954 1316 1020 hoc

167 1084 234 1127 esse
257 1060 435 1126 faciendum
459 1063 515 1123 aut
539 1059 697 1142 insignem
720 1057 859 1140 aliquam
882 1058 1106 1140 expectandam
1122 1081 1227 1122 rerum
1243 1082 1315 1144 per-

166 1165 392 1229 turbationem.
438 1162 476 1225 ln
499 1163 588 1226 vobis
618 1159 703 1224 nihil
733 1160 886 1225 habemus
915 1163 1088 1244 repositum
1119 1164 1207 1248 spei,
1242 1164 1317 1247 quia

168 1269 313 1334 doctrina
336 1272 367 1331 et
391 1266 568 1330 eruditione
591 1265 721 1340 caretis3
746 1264 866 1343 deinde,
892 1265 919 1328 si
942 1288 1004 1348 qua
1027 1271 1073 1331 est
1097 1268 1130 1330 in
1146 1268 1235 1331 vobis
1251 1290 1316 1332 non

167 1373 424 1457 reprehendenda
446 1392 503 1435 nec
532 1371 686 1435 illaudata
714 1369 879 1447 voluntas,
915 1393 951 1434 ea
982 1366 1089 1436 tamen
1113 1376 1160 1436 est
1183 1373 1317 1437 avaritia

166 1482 198 1544 et
229 1478 402 1542 ambitione
432 1479 599 1558 corrupta3
635 1479 811 1559 postremo,
846 1476 891 1539 sia
921 1477 1021 1541 vitam
1052 1478 1243 1556 instituitis,
1279 1482 1316 1542 ut

165 1584 391 1667 propemodum
415 1602 565 1666 cogamur
588 1581 626 1645 de
651 1581 736 1645 vobis
759 1581 889 1645 omnino
909 1582 1082 1665 desperare.
1117 1583 1200 1659 Quid
1216 1582 1316 1667 igitur

165 1689 343 1754 faciendum
376 1689 446 1751 est?
492 1685 567 1751 Non
597 1687 710 1751 desunt
742 1686 833 1750 nobis
865 1687 926 1750 viri
949 1688 1032 1752 docti
1057 1687 1315 1772 quamplurimi,

166 1794 251 1878 pacis
276 1796 307 1858 et
330 1792 503 1857 concordiae
527 1792 643 1876 cupidi,
667 1795 796 1855 suntet
819 1792 978 1875 principes
997 1796 1029 1856 et
1043 1792 1224 1876 principum
1239 1814 1315 1856 con·

167 1899 282 1963 siliarii
304 1921 368 1963 non
392 1897 502 1982 pauci,
536 1898 591 1979 qui
616 1897 743 1976 vident,
776 1898 931 1979 quomodo
955 1897 997 1961 sit
1020 1897 1093 1961 huic
1115 1896 1226 1960 morbo
1249 1918 1315 1960 me-

167 2002 271 2068 dicina
293 2002 445 2068 facienda.
492 2002 639 2067 Possitne
670 2026 689 2068 a
717 2004 807 2067 vobis
840 2003 898 2067 hoc
927 2004 1112 2088 impetrari,
1146 2006 1183 2066 ut
1211 2006 1316 2066 vestro

167 2108 322 2192 permissu
352 2109 443 2173 nobis
473 2108 584 2186 liceat,
620 2112 738 2173 certam
760 2108 925 2193 religionis
949 2113 980 2173 et
1003 2108 1156 2173 doctrinae
1178 2106 1314 2170 formam
1377 2121 1380 2126 '

730 2231 748 2268 ss

164 2315 338 2380 formation
354 2316 502 2381 sehiclren
518 2317 642 2394 wbllen,
659 2318 772 2382 sonder
789 2318 930 2383 werdens
947 2319 999 2383 bei
1011 2319 1140 2404 Kayser,
1165 2317 1314 2403 Kiinigen

165 2420 230 2483 und
254 2420 372 2485 andern
396 2421 605 2498 verhindern,
638 2423 779 2486 werdent
801 2418 866 2486 sttl
888 2425 953 2488 und
977 2424 1082 2489 b’anck
1104 2424 1137 2487 in
1161 2422 1221 2486 den
1245 2443 1314 2507 weg

163 2525 302 2602 werffen,
328 2526 428 2590 demit
450 2548 482 2590 es
504 2527 536 2609 ja
558 2526 649 2590 nicht
671 2527 767 2592 dahin
784 2529 932 2592 kommen
945 2527 966 2606 ¹,
992 2530 1049 2592 wie
1070 2529 1098 2592 ir
1114 2528 1198 2592 dann
1214 2526 1312 2591 sehon

163 2629 197 2692 in
220 2631 298 2714 groll
322 2630 531 2695 verdenclrenr
555 2631 668 2696 komen
696 2632 805 2710 seind,
842 2632 945 2698 solchs
977 2633 1031 2697 bill
1062 2632 1161 2696 anher
1191 2631 1309 2716 gethan

163 2737 202 2799 ab
224 2734 338 2814 haben,
364 2736 427 2799 und
449 2735 548 2813 noch,
572 2739 643 2800 adm
665 2737 743 2801 aller
765 2737 965 2822 fleissigsten.
1012 2737 1052 2802 So
1073 2738 1146 2802 hats
1170 2758 1237 2800 nun
1259 2735 1311 2799 bai
1355 2725 1359 2733 ’

163 2861 222 2903 uns
246 2839 316 2904 eine
338 2841 443 2906 selcha
465 2841 603 2926 gestalt,
638 2843 692 2906 das
717 2842 773 2906 wir
808 2846 868 2908 auh
899 2844 998 2908 hoher
1032 2840 1313 2906 onvermeidlicher

162 2945 302 3016 notturft
323 2949 502 3029 getrungen
525 2946 624 3024 seind,
648 2947 717 3012 eine
735 2948 956 3032 vertnderung
971 2952 1009 3012 mi
1023 2947 1164 3025 macheu,
1188 2945 1309 3008 habens

162 3048 260 3112 sehon
283 3049 380 3113 dahin
403 3050 523 3129 bracht,
548 3052 603 3115 das
625 3052 794 3136 yederman
817 3054 948 3137 spricht,
972 3076 1004 3118 es
1028 3053 1103 3117 mun
1121 3049 1309 3135 geschehen,

162 3151 237 3216 oder
259 3174 291 3215 es
315 3149 388 3217 1111111
412 3155 463 3216 ein
486 3160 595 3238 {irgers
618 3156 743 3240 volgen.
774 3157 859 3236 Nun,
884 3162 921 3222 nt
939 3159 1017 3222 euch
1034 3156 1138 3220 haben
1154 3155 1213 3220 wir
1229 3156 1313 3238 keyn

164 3254 330 3340 hoffnung,
352 3258 496 3321 kbnnens
521 3258 602 3322 auch
621 3260 671 3323 nit
686 3261 799 3338 haben,
824 3261 907 3325 denn
924 3262 974 3326 die
989 3261 1053 3325 lere
1067 3262 1132 3324 und
1148 3259 1311 3344 geschich-

163 3357 273 3422 licheit
295 3358 415 3424 habent
438 3361 466 3425 ir
488 3361 548 3439 nit,
572 3363 625 3426 der
649 3366 726 3447 grite
749 3364 832 3444 will,
857 3387 891 3428 so
915 3365 943 3429 ir
964 3365 1068 3430 haben
1091 3369 1236 3450 m'dgent,
1271 3365 1313 3429 ist

163 3463 261 3527 durch
284 3464 366 3548 gaitz
390 3466 454 3529 und
476 3467 588 3549 pracht
604 3468 760 3548 verderbt,
786 3470 850 3534 und
873 3471 949 3534 umb
972 3493 1053 3535 ewer
1075 3470 1245 3535 eusserlich
1268 3469 1314 3534 le-

163 3569 222 3632 ben
246 3568 317 3633 hats
340 3570 391 3633 ein
414 3571 519 3636 solche
541 3575 667 3657 gestalt,
693 3573 748 3638 das
770 3575 828 3638 wir
853 3575 1006 3639 allsamen
1030 3599 1069 3641 an
1092 3574 1169 3639 euch
1185 3569 1313 3638 miissen

163 3675 362 3739 verzweiflen.
408 3675 480 3740 Wie
512 3676 611 3741 sollen
642 3678 700 3742 wir
728 3679 773 3742 im
801 3702 868 3743 nun
898 3681 1002 3744 thim?
1048 3680 1121 3744 Wir
1149 3680 1254 3744 haben
1278 3700 1312 3742 so

162 3778 205 3841 vil
229 3779 365 3860 fromer,
398 3782 544 3860 erbarer,
579 3784 714 3868 gelerter
737 3783 802 3847 und
824 3784 1024 3867 geschichter
1053 3785 1140 3864 leut,
1176 3785 1313 3849 Ftirsten

163 3883 270 3961 Rath,
305 3888 370 3950 und
400 3888 534 3965 andere,
565 3889 600 3971 ja
631 3889 675 3953 vil
698 3889 834 3952 Ftirsten
857 3889 959 3968 selhs,
994 3890 1045 3954 die
1067 3892 1107 3955 ela
1129 3891 1224 3954 sehen
1248 3889 1314 3953 und

161 3988 309 4069 wissant,
343 3992 402 4056 wie
433 3992 491 4056 den
523 3993 641 4077 dingen
670 3998 709 4060 zd
738 3994 855 4058 helffen
885 3999 975 4059 watra.
1022 3992 1158 4061 Salten²
1181 3996 1239 4060 wir
1262 3994 1313 4058 nit

161 4114 222 4156 von
245 4096 323 4159 euch
346 4103 457 4182 mdgen
482 4097 644 4183 erlangen,
669 4099 723 4162 das
747 4098 805 4163 wir
828 4099 928 4163 under
952 4123 1011 4164 uns
1035 4123 1096 4185 eyn
1116 4121 1218 4164 wesen
1242 4099 1312 4163 auf-

162 4185 336 4278 richteten,
367 4200 466 4265 damit
489 4200 595 4265 Gottis
617 4224 692 4266 nam
715 4202 861 4287 geehret,
892 4205 953 4269 alle
976 4205 1094 4269 falsche
1118 4204 1313 4290 Abg'otische

235 4426 247 4477 l
267 4424 357 4481 kome.
429 4428 445 4480 2
463 4427 565 4483 Sallen.
