2858 5054
746 379 768 440 4

248 549 434 617 Germanice
457 573 530 616 vero
553 550 665 635 scripsi
688 572 753 613 non
776 549 899 614 eliade
921 571 1015 615 causa
1038 573 1133 634 quarn
1156 558 1193 618 ut
1216 554 1250 634 ii,
1273 554 1313 619 ad

161 680 239 743 qnos
262 657 390 741 proprie
412 657 591 740 pertinent,
624 654 737 718 melius
769 655 1003 739 intelligerent,
1033 678 1103 739 quac
1133 679 1226 723 causa
1248 659 1312 724 fuit

86 757 91 761 ’
159 763 272 842 etiam,
307 765 344 826 ut
376 763 508 826 alteram
542 760 582 824 ad
610 759 779 840 Caesarem,
814 759 936 824 Gallica
967 760 1078 845 lingua
1108 762 1311 846 perfecerim:

158 868 303 950 equidem
326 867 385 931 hoc
407 868 510 930 solum
534 866 682 950 spectavi,
706 874 743 931 ut
759 866 871 944 Caesar,
894 887 987 949 quem
1009 873 1188 932 reverenter
1210 891 1310 954 agno-

157 994 242 1038 scere
275 973 422 1037 debemus
455 976 487 1036 et
519 971 619 1035 colere
652 971 749 1035 veluti
772 972 976 1054 praecipuum
999 975 1031 1036 et
1051 995 1209 1037 summum
1232 973 1310 1039 Ger·

158 1079 273 1141 maniae
295 1076 538 1162 magistratum,
563 1075 709 1160 expediat
732 1098 763 1141 se
786 1077 827 1140 ab
849 1077 888 1141 iis
911 1077 1063 1156 vinculis,
1095 1100 1163 1162 quae
1187 1101 1310 1145 cursum

156 1182 256 1265 ipsius
277 1185 488 1258 remorantur,
512 1202 575 1263 quo
598 1181 722 1259 minus,
754 1181 835 1264 quod
860 1203 909 1245 res
932 1182 1000 1265 ipsa
1023 1184 1164 1266 postulat
1186 1189 1309 1268 tempo·

156 1309 290 1371 rumque
312 1286 413 1365 ratio,
445 1286 597 1369 perficiat.
645 1286 707 1362 oui
736 1308 824 1350 secus
855 1287 1125 1369 interpretantur,
1160 1289 1311 1373 injuriam

157 1392 237 1456 mihi
259 1391 391 1469 faciunt,
413 1391 418 1472 Ι
440 1391 523 1474 quod
545 1412 602 1475 per
623 1392 691 1456 haec
713 1390 843 1455 comitia
866 1391 993 1474 quidam
1017 1390 1128 1455 fecisse
1150 1393 1309 1472 dicuntur,

157 1497 209 1562 sed
232 1497 383 1581 perpauci
403 1496 529 1580 quidem
545 1496 603 1574 illi,
628 1518 763 1579 quorum
774 1495 901 1579 judiciis
917 1495 1000 1560 nihil
1017 1517 1153 1560 moveor.
1189 1498 1308 1563 Verum

158 1605 289 1686 propter
311 1602 408 1680 alios,
432 1602 573 1685 ipsorum
596 1601 690 1684 plane
713 1600 900 1680 dissimiles,
935 1599 1049 1683 quibus
1080 1601 1213 1665 fortasse
1242 1625 1308 1667 non

157 1704 390 1789 improbabitur
414 1705 466 1769 hic
488 1726 576 1768 meus
599 1704 706 1782 labor,
730 1707 888 1786 utranque
910 1703 1085 1768 orationem
1108 1704 1223 1769 Latine
1242 1707 1308 1790 jam

160 1810 280 1894 scripsi.
328 1810 470 1888 Quarum
492 1808 566 1888 illa,
591 1830 661 1892 quae
683 1812 731 1872 est
753 1808 793 1872 ad
815 1808 942 1892 imperii
964 1809 1139 1893 principeS,
1173 1833 1309 1876 comme·

157 1919 262 1981 morat
283 1919 408 1994 ortum,
443 1915 673 1979 incrementum
698 1917 731 1978 θὴ
754 1935 897 1978 occasum
927 1913 1140 2005 pontificatus.
1186 1913 1308 1994 Altera,

157 2043 227 2106 quae
250 2018 365 2086 (laesari
387 2026 436 2085 est
459 2020 564 2097 dicta,
597 2023 805 2103 posteaquam
836 2018 998 2096 ostendit,
1033 2018 1116 2084 hanc
1144 2020 1310 2106 religionis

156 2148 294 2204 causam,
318 2148 388 2210 quae
411 2123 669 2202 controvertitur,
693 2122 791 2189 aDeo
807 2123 983 2208 profectam
999 2127 1031 2188 et
1047 2125 1216 2190 excitatam
1232 2147 1308 2206 esse,

159 2231 365 2310 demonstrat,
386 2229 608 2314 jusjurandum
639 2229 739 2309 illud,
774 2251 837 2312 quo
866 2228 1011 2313 pontifici
1033 2229 1136 2295 Caesar
1157 2235 1204 2295 est
1226 2231 1308 2295 obli-

727 2333 745 2372 ε

156 2421 263 2491 [Deux
291 2420 457 2477 oraisons
484 2417 700 2476 historiales
724 2418 765 2473 de
790 2419 880 2475 Jean
904 2418 1063 2474 Sleidan.
1101 2419 1188 2475 Chaa
1215 2421 1308 2476 dean

583 2506 742 2577 Orespin.
789 2507 814 2562 S.
834 2507 874 2577 3:]

225 2614 296 2668 dean
315 2612 429 2668 Sleidan
447 2611 525 2668 avoit
543 2610 626 2666 escrit
644 2611 715 2665 deux
728 2609 859 2666 Oraisons
879 2627 914 2665 en
927 2610 1074 2676 Alemand‚
1094 2612 1150 2666 afin
1167 2631 1222 2681 quc
1239 2630 1307 2668 ceux

155 2701 285 2769 ausquels
303 2702 482 2770 proprement
500 2699 603 2754 l'escrit
622 2697 781 2754 s'adressoit
799 2697 1012 2753 l'entendissent
1028 2701 1127 2763 mieux,
1147 2717 1177 2754 ce
1194 2700 1243 2768 qui
1256 2717 1306 2769 pa-

154 2787 312 2843 reillement
325 2787 438 2841 l’induit
450 2787 484 2842 de
496 2790 599 2842 mettre
615 2804 651 2842 en
661 2786 792 2859 Franpois
803 2785 941 2842 l’Oraison
955 2787 1081 2844 adressee
1093 2791 1112 2843 a
1123 2787 1304 2857 l'Empcreur.

226 2876 283 2946 [An
300 2875 387 2932 Jacob
406 2875 514 2940 Sturm,
534 2877 567 2929 29
586 2874 645 2931 Mai
665 2877 732 2930 1545
752 2874 862 2943 (Brem-
886 2875 945 2929 und
964 2875 1114 2930 Vcrdische
1140 2874 1303 2938 bibliothek,

157 2964 302 3019 lBandes
322 2965 338 3016 2
357 2963 456 3027 stum,
485 2963 633 3032 Hamburg
652 2965 735 3026 1753,
761 2979 783 3015 s.
812 2963 887 3032 120):
927 2963 960 3015 In
987 2961 1152 3031 praefatione
1179 2979 1305 3016 mearum

154 3050 314 3108 orationum
339 3051 474 3115 habetur,
501 3068 546 3106 me
572 3049 676 3120 gallice
702 3066 813 3118 quoque
839 3049 979 3119 scripsisse
1002 3048 1084 3103 illam
1111 3066 1172 3117 quae
1200 3052 1243 3104 est
1269 3048 1307 3102 ad

156 3137 301 3192 Oaesarem.
347 3139 406 3194 Hoc
433 3156 530 3194 verum
557 3141 607 3192 cst.
653 3137 682 3192 Si
709 3154 784 3191 nunc
809 3136 885 3191 idem
914 3139 1113 3205 argumentum
1140 3138 1191 3191 aut
1217 3135 1308 3189 simile

156 3226 305 3289 tractatur,
324 3224 429 3280 orietur
446 3225 520 3281 forte
539 3224 664 3294 suspicio,
683 3242 716 3279 ex
742 3242 798 3293 qua
823 3223 960 3294 prodierit
980 3223 1098 3279 officina.
1136 3222 1188 3278 Sed
1210 3224 1307 3277 tamen

156 3312 303 3368 consilium
329 3315 410 3367 tuum
434 3316 463 3368 et
480 3312 579 3368 Buceri
597 3330 711 3382 sequar:
743 3316 771 3367 et
789 3312 909 3366 Bucerus
936 3311 1049 3381 quidem
1078 3309 1160 3364 valde
1186 3311 1240 3362 huc
1264 3308 1307 3361 in-

157 3400 246 3455 clinat
264 3403 298 3454 ut
316 3399 456 3469 scribam]

154 3486 257 3557 Depuis
274 3487 296 3540 il
315 3487 355 3541 les
373 3504 391 3540 a
410 3487 484 3541 aussi
502 3487 642 3542 traduites
661 3505 696 3542 en
714 3485 814 3541 Latin:
841 3487 910 3542 dont
936 3484 1004 3539 celle
1026 3484 1073 3552 qui
1098 3483 1231 3538 s'adresse
1249 3500 1304 3536 aux

153 3575 265 3630 Princes
284 3575 317 3630 de
335 3574 469 3645 l'Empire
487 3575 611 3632 contient
629 3576 659 3630 la
677 3575 829 3639 naissance,
851 3573 1069 3634 accroissement,
1090 3574 1118 3625 et
1137 3570 1305 3625 definement

153 3663 188 3718 de
206 3664 236 3717 la
247 3662 383 3732 Papaute.
411 3661 532 3728 L'autre,
552 3664 600 3733 qui
613 3667 656 3719 est
668 3663 763 3719 dedice
778 3662 988 3731 al'Empereur,
1008 3659 1132 3715 contient
1151 3676 1185 3713 en
1203 3675 1307 3714 somme

152 3749 193 3804 les
211 3748 319 3818 poincts
337 3749 387 3817 qui
404 3752 569 3804 conseruent
587 3751 627 3805 les
645 3750 746 3819 paches
765 3750 794 3804 et
805 3748 874 3804 faits
887 3748 934 3802 des
946 3747 1013 3803 Rois
1025 3749 1054 3801 et
1066 3746 1162 3816 Papes,
1182 3745 1305 3816 signam·

153 3836 232 3890 ment
249 3835 284 3890 de
301 3839 396 3890 nostre
413 3838 518 3906 temps,
546 3853 651 3892 comme
669 3854 706 3892 on
723 3853 827 3906 pourra
846 3835 907 3891 voir
924 3852 977 3905 par
996 3835 1024 3890 le
1042 3835 1165 3890 discours
1184 3833 1305 3889 desdites

155 3924 296 3980 Oraisons.

224 4011 311 4082 [Pege
330 4012 389 4080 862]
409 4013 451 4066 En
470 4015 543 4068 ceste
562 4013 686 4078 Oraison,
706 4014 754 4083 qui
772 4015 815 4069 est
833 4013 995 4069 adresseea
1016 4012 1131 4066 Charles
1150 4011 1305 4081 cinquieme

151 4100 316 4170 Empereur,
345 4117 426 4170 apres
454 4102 533 4158 avoir
560 4105 684 4158 monstra
711 4119 765 4172 que
790 4102 819 4157 la
846 4118 928 4157 cause
946 4101 980 4156 de
999 4103 1029 4156 la
1048 4099 1178 4169 Religion
1195 4098 1244 4168 qui
1262 4099 1305 4152 est

152 4186 330 4257 aujourdhuy
342 4204 377 4242 en
391 4187 484 4253 debat,
503 4192 546 4245 est
558 4206 647 4245 venue
660 4192 687 4246 et
701 4190 818 4245 suscites
828 4190 863 4245 de
871 4189 948 4254 Dieu,
962 4205 1067 4259 prouve
1081 4186 1172 4256 quale
1184 4186 1305 4240 serment

152 4292 204 4345 par
222 4275 314 4343 lequel
332 4274 504 4344 l’Empereur
528 4279 571 4332 θεὴ
591 4276 685 4348 obliga
703 4295 740 4332 au
758 4277 847 4348 Pape,
874 4279 915 4332 est
939 4275 1110 4346 tyrannique
1129 4275 1158 4328 et
1176 4272 1211 4327 de
1229 4271 1307 4325 nulle

153 4363 270 4432 vigueur
288 4364 317 4417 et
337 4361 445 4418 ameine
463 4365 601 4434 plusieurs
619 4367 757 4437 exemplos
775 4368 841 4422 tant
859 4364 893 4420 de
912 4382 941 4420 ce
958 4364 1007 4434 qui
1024 4380 1061 4418 au
1073 4364 1155 4430 passe
1166 4358 1231 4414 ε’θεὴ
1243 4354 1305 4421 fait,

151 4450 275 4522 qu'aussi
292 4450 326 4507 de
343 4450 477 4508 memoirc
495 4452 635 4510 d’homme
652 4473 689 4512 on
708 4472 725 4511 a
744 4454 791 4511 des
810 4453 939 4511 histoires
957 4453 995 4508 du
1011 4454 1103 4533 temps
1120 4447 1243 4520 present.
